2800 4748
459 323 465 344 ¹
537 374 880 444 clausuram-21.

166 536 261 598 mulos
279 533 367 598 babet
389 545 420 595 et
435 535 624 596 dicendorum
640 541 814 614 exspectata
835 530 920 608 laus3
943 529 1109 611 mirumque
1132 528 1229 591 rideri

166 630 280 704 potest,
305 618 394 702 quod,
412 638 477 679 cum
494 617 580 682 stilus
596 629 715 682 secreto
731 617 860 701 gaudeat
875 625 963 696 atque
979 634 1083 678 omncs
1100 612 1229 676 arbitros

164 705 357 780 reformidet,
386 703 600 786 extemporalis
615 702 692 766 actio
708 701 875 766 auditorum
891 699 1076 782 frequentia,
1094 709 1127 762 ut
1142 699 1228 761 miles

166 801 316 852 concentu
332 788 498 871 signorum,
517 787 680 851 excitatur.
710 787 844 869 Namque
861 797 891 848 et
905 784 1099 848 difficiliorem
1116 783 1229 866 cogita·
1247 797 1278 846 17
1377 789 1378 828 Ἰ

166 874 278 936 tionem
295 873 437 957 exprimit
452 884 482 936 et
496 873 622 956 expellit
636 873 753 936 dicendi
769 870 946 948 necessitas,
965 881 996 932 et
1009 869 1158 934 secundos
1174 868 1229 931 im·

166 970 251 1042 petus
267 971 356 1041 auget
372 958 505 1042 placendi
521 959 636 1042 cupido.
667 958 751 1021 Adeo
768 958 894 1041 pretium
910 957 1010 1020 omnia
1025 965 1179 1039 spectant,
1196 964 1231 1018 ut

167 1044 339 1126 eloquentia
354 1065 487 1128 quoque,
513 1063 679 1126 quanquam
702 1042 858 1127 plurimum
876 1041 983 1108 lrabeat
997 1041 1029 1103 in
1045 1059 1078 1103 se
1093 1040 1231 1122 volupta-

168 1129 224 1208 tis,
248 1130 379 1192 maxime
404 1140 502 1192 tamen
524 1130 675 1211 praesenti
691 1131 789 1192 fructu
805 1129 901 1191 laudis
916 1125 1124 1209 opinionisque
1139 1124 1229 1187 duca-

166 1225 225 1276 tur.
250 1213 314 1278 Nec
330 1214 483 1296 quisquam
500 1223 615 1277 tantum
631 1215 703 1278 fidat
717 1213 856 1296 ingenio,
874 1222 908 1275 ut
922 1211 952 1273 id
968 1209 1025 1273 sibi
1042 1219 1143 1292 speret
1157 1210 1232 1272 inci·
1249 1221 1281 1271 18

165 1299 259 1381 pienti
275 1299 375 1362 statim
391 1319 480 1382 posse
503 1299 698 1382 contingere3
722 1298 775 1362 sed
797 1299 874 1362 sicut
895 1297 927 1359 in
947 1295 1129 1378 cogitatione
1143 1315 1230 1378 prae·

166 1385 316 1464 cepimus,
334 1384 377 1444 ita
392 1383 564 1447 facilitatem
580 1384 816 1468 extemporalem
831 1405 848 1446 a
863 1377 964 1469 parvis
976 1379 1072 1446 initiis
1088 1379 1230 1464 paulatim

167 1467 364 1550 perducemus
380 1467 416 1529 ad
433 1488 594 1546 summam,
619 1491 695 1552 quae
717 1489 813 1551 neque
835 1468 939 1553 perfici
960 1485 1057 1548 neque
1081 1464 1231 1529 corrdneri

167 1552 225 1614 nisi
242 1572 297 1614 usu
313 1561 422 1635 potest.
462 1552 603 1616 Ceterum
618 1555 776 1636 pervenire
793 1573 830 1615 eo
844 1552 948 1629 debet,
961 1545 1001 1614 'ut
1015 1550 1157 1634 cogitatio
1174 1572 1234 1614 non
1249 1562 1281 1612 19

167 1639 269 1720 utique
286 1636 393 1699 melior
408 1636 448 1701 sit
463 1657 498 1701 ea
514 1639 567 1702 sed
583 1639 693 1717 tutior3
712 1659 779 1701 cum
791 1639 867 1700 banc
882 1637 1054 1701 facilitatem
1064 1658 1124 1700 non
1140 1656 1229 1720 prosa

167 1725 254 1786 modo
277 1722 362 1784 multi
383 1722 444 1786 sint
467 1724 623 1786 consecuti
649 1725 702 1788 sed
725 1724 814 1788 etiam
837 1723 986 1802 carmine,
1017 1732 1050 1784 ut
1071 1721 1229 1805 Antipater

167 1805 307 1872 Sidonius
324 1817 354 1868 ct
377 1806 513 1873 Licinius
529 1809 674 1888 Archias3
698 1809 878 1873 credendum
900 1807 979 1870 enim
1004 1807 1145 1871 Ciceroni
1168 1818 1226 1885 est,

141 1913 226 1964 .nqn
249 1892 318 1974 quia
339 1892 452 1957 nostris
476 1914 593 1974 quoque
623 1894 805 1976 temporibus
826 1914 887 1955 non
911 1903 942 1953 et
962 1891 1091 1954 fecerint
1111 1893 1228 1973 quidam

166 1976 222 2037 boc
238 1985 268 2037 et
284 1975 406 2038 faciant.
425 1975 508 2053 Quod
525 1986 625 2040 tamen
642 1998 702 2041 non
718 1978 814 2060 ipsum
829 1987 889 2039 tarn
906 1974 1059 2059 probabile
1074 1986 1145 2058 puto
1161 1978 1229 2057 (ne-

167 2079 224 2140 que
248 2059 327 2122 enim
351 2058 440 2124 habet
462 2072 513 2123 aut
533 2083 619 2125 usum
639 2081 689 2124 res
706 2072 758 2125 aut
773 2061 999 2141 necessitatem)
1016 2081 1101 2143 quam
1118 2060 1228 2126 exhor·

166 2144 263 2207 tandis
279 2144 311 2206 in
327 2143 402 2207 banc
417 2166 518 2228 spem,
545 2147 593 2230 qui
609 2147 675 2210 foro
691 2157 924 2231 praeparantur,
948 2147 1021 2209 utile
1044 2147 1226 2229 exemplum.

164 2227 269 2310 Neque
284 2250 358 2292 vcro
382 2239 493 2293 tantam
508 2250 577 2295 esse
592 2253 722 2314 unquam
737 2232 873 2296 fiduciam
889 2231 1043 2296 facilitatis
1059 2231 1169 2310 velim,
1197 2243 1231 2296 ut
1245 2243 1280 2294 20

165 2333 224 2375 non
247 2313 340 2378 breve
356 2316 461 2379 saltem
484 2327 616 2400 tempus,
643 2318 885 2400 quodnusquam
909 2318 971 2381 fere
994 2318 1109 2394 decrit,
1135 2318 1172 2380 ad
1194 2338 1229 2381 ea

164 2419 240 2480 quae
256 2399 363 2482 dicturi
379 2401 471 2464 simus
487 2401 667 2486 dispicienda
680 2424 850 2480 sumamus3
868 2403 898 2466 in
914 2403 1033 2468 iudiciis
1048 2423 1082 2466 ac
1099 2405 1164 2466 foro
1177 2402 1229 2465 da-

163 2494 212 2546 tur
227 2505 357 2568 semper.
380 2485 487 2569 Neque
502 2487 583 2549 enim
598 2488 753 2570 quisquam
770 2498 828 2563 est,
846 2488 895 2569 qui
914 2508 1046 2563 causam,
1064 2509 1152 2569 quam
1168 2507 1229 2550 non

164 2569 313 2648 didicerit,
331 2580 409 2652 agat.
441 2570 663 2634 Declamatores
680 2572 821 2652 quosdam
838 2589 982 2654 perversa
997 2572 1078 2635 ducit
1092 2570 1227 2647 ambitio,
1244 2583 1275 2633 21

200 2771 240 2819 15.
267 2769 411 2836 capiendae
431 2798 462 2806 —
482 2772 667 2824 indicavimus.
722 2773 821 2824 lrliiren.
851 2773 878 2824 S.
900 2773 963 2825 Cato
983 2775 1007 2825 b.
1031 2773 1123 2825 Festus
1139 2776 1230 2840 Optio-

164 2837 244 2888 Unter
257 2839 305 2888 den
318 2836 425 2902 Stellen,
439 2839 535 2904 onu.
550 2841 671 2891 bieriibcr
722 2848 804 2892 antris
821 2859 845 2908 p.
861 2842 909 2893 201
925 2843 966 2894 ed.
981 2841 1089 2894 Miiller:
1110 2843 1229 2894 Maiores

164 2907 274 2972 spricbt,
295 2906 349 2971 vgl.
368 2909 559 2970 vorzcgsweise
577 2908 668 2974 Vl,3,
707 2926 843 2966 „scorsum
872 2917 956 2978 atque
986 2912 1121 2963 diversum
1148 2928 1229 2978 pre-

162 2975 212 3028 29:
241 2975 314 3040 Quas
333 2977 493 3041 φαντασίας
514 2975 611 3027 Graeci
626 2994 669 3028 oo-
722 2983 809 3029 tium
824 2995 959 3046 paravere
978 2982 1053 3032 bouis
1066 2987 1149 3047 atqua
1161 2987 1230 3031 stre-

163 3049 242 3107 cant,
265 3059 315 3093 nos
333 3058 400 3094 sune
418 3046 534 3094 visiones
553 3047 668 3112 appelle·
720 3051 799 3111 naim
812 3049 876 3099 anob
890 3047 974 3100 Plaut.
989 3066 1016 3099 u.
1032 3049 1105 3114 Virg.

159 3127 235 3175 mors,
258 3127 311 3176 per
330 3128 398 3176 quas
422 3115 554 3177 imagines
576 3129 668 3166 rarum
756 3117 797 3166 18.
812 3122 1013 3184 praecepimus.
1030 3116 1058 3167 S.
1073 3117 1097 3179 6,
1113 3117 1138 3165 3.

160 3180 309 3230 obserctium
346 3182 388 3229 ita
423 3187 667 3246 repraesentantur
755 3185 797 3236 19.
821 3187 979 3251 Antipater.
1012 3185 1062 3235 Ein
1084 3183 1162 3235 durclr
1184 3185 1228 3235 die

160 3251 269 3310 animo,
291 3252 324 3297 ut
342 3261 387 3296 eas
405 3263 512 3297 cernere
530 3252 615 3300 oculis
633 3266 666 3301 oc
719 3251 789 3302 (labe
816 3253 862 3301 der
880 3253 1072 3319 lmprovisation
1093 3254 1146 3304 sicb
1167 3269 1227 3305 aus·

157 3319 316 3379 praesentes
329 3314 428 3363 babere
440 3314 590 3367 ua'dcamur.
612 3317 667 3369 flas
718 3318 887 3370 zefclrnender
899 3319 1004 3374 Dichter
1016 3323 1062 3374 der
1080 3323 1228 3373 alexandri-

160 3385 282 3446 quisquis
303 3383 366 3431 bene
385 3387 551 3448 conceperit,
572 3388 596 3434 is
614 3389 667 3437 erit
718 3389 823 3438 niscben
836 3387 941 3440 Periode
954 3407 977 3442 c.
994 3393 1042 3442 135
1052 3409 1077 3442 v.
1089 3390 1150 3441 Cbr.
1164 3389 1223 3454 Vgl.

158 3453 185 3499 in
200 3450 341 3517 affectibus
350 3453 570 3514 potentissimus.
718 3455 773 3508 Cic.
789 3455 862 3508 Orat.
877 3458 921 3522 lll,
937 3462 980 3525 50,
997 3462 1060 3511 tut:
1074 3461 1226 3524 Antipater

191 3519 288 3569 Pectus
300 3545 335 3555 -
347 3523 453 3569 means.
474 3518 524 3568 llio
535 3519 666 3588 Hyperba-
717 3553 748 3562 -
761 3525 862 3577 solitus
881 3534 923 3578 est
934 3544 1026 3578 uersus
1048 3529 1224 3577 becamctros

157 3596 210 3638 ¹⁰1¹·
716 3594 838 3660 aliosque
858 3600 943 3647 uarias
967 3597 1085 3644 numeres
1103 3593 1224 3659 surcdere

193 3657 233 3705 ff.
253 3656 380 3723 expellit.
395 3654 453 3719 Vgl.
468 3657 513 3708 das
527 3657 583 3708 llfld
596 3660 622 3722 3,
636 3662 662 3710 6.
716 3679 750 3712 ecc
764 3669 896 3728 tempore,
924 3667 1086 3728 tantumque
1109 3664 1223 3714 bominis

188 3728 308 3788 pretium
321 3726 339 3774 i.
352 3741 376 3790 q.
388 3729 551 3792 praemium,
563 3726 603 3777 bei
612 3725 661 3792 Qu.
715 3733 850 3794 ingeniosi
862 3745 894 3780 cc
905 3733 1032 3781 memoris
1044 3730 1132 3782 valuit
1147 3746 1223 3782 eccer-

156 3791 181 3840 in
196 3791 281 3841 dieser
293 3790 441 3856 Bedeutung
453 3807 501 3844 nur
518 3795 588 3859 bier,
602 3794 664 3845 aber
716 3801 824 3861 citatio,
839 3803 880 3861 ut,
895 3813 977 3865 quum
990 3815 1019 3849 se
1031 3805 1119 3850 mente
1131 3816 1164 3850 oc
1178 3816 1223 3850 uo-

156 3857 261 3909 desbalb
274 3858 345 3909 nicht
357 3859 381 3909 in
391 3866 546 3927 praemium
559 3879 591 3912 zu
603 3878 662 3912 ver·
715 3863 824 3916 laniate
831 3871 987 3918 coniecisset
999 3872 1026 3918 in
1035 3883 1152 3932 uersum,
1164 3881 1222 3917 uer·

156 3927 268 3991 indere,
298 3928 405 3977 soodern
431 3929 530 3980 alseio
550 3931 662 3982 obsicbt-
715 3934 947 3998 insequerentur.

154 3995 205 4046 lfcb
227 3995 364 4060 gesuebter
384 3997 548 4049 archaismus
567 4015 599 4049 zu
621 4014 661 4050 er·
743 4003 868 4054 Arabius.
877 4002 936 4070 Vgl.
945 4004 999 4057 Cic.
1009 4003 1218 4073 pr.Arcb.8,18.
