<?xml version="1.0" encoding="UTF-8"?>
<!DOCTYPE html PUBLIC "-//W3C//DTD XHTML 1.0 Transitional//EN"
    "http://www.w3.org/TR/xhtml1/DTD/xhtml1-transitional.dtd">
<html xmlns="http://www.w3.org/1999/xhtml" xml:lang="en" lang="en">
 <head>
  <title>
</title>
<meta http-equiv="Content-Type" content="text/html;charset=utf-8" />
  <meta name='ocr-system' content='tesseract 3.04.00' />
  <meta name='ocr-capabilities' content='ocr_page ocr_carea ocr_par ocr_line ocrx_word'/>
</head>
<body>
  <div class='ocr_page' id='page_1' title='image "./mfabiiquintilia07bonngoog_0089.png"; bbox 0 0 2800 4748; ppageno 0'>
   <div class='ocr_carea' id='block_1_1' title="bbox 185 385 876 464">
    <p class='ocr_par' dir='ltr' id='par_1_1' title="bbox 185 385 876 464">
     <span class='ocr_line' id='line_1_1' title="bbox 185 385 876 464; baseline 0.003 -18"><span class='ocrx_word' id='word_1_1' title='bbox 185 385 225 447; x_wconf 83' lang='lat'><strong>60</strong></span> <span class='ocrx_word' id='word_1_2' title='bbox 565 398 675 452; x_wconf 83' lang='lat' dir='ltr'><strong>carun</strong></span> <span class='ocrx_word' id='word_1_3' title='bbox 687 398 742 450; x_wconf 92' lang='lat' dir='ltr'><strong>vn.</strong></span> <span class='ocrx_word' id='word_1_4' title='bbox 757 399 779 464; x_wconf 75' lang='lat' dir='ltr'><strong>s.</strong></span> <span class='ocrx_word' id='word_1_5' title='bbox 798 400 876 449; x_wconf 74' lang='lat' dir='ltr'><strong>o-r.</strong></span> 
     </span>
    </p>
   </div>
   <div class='ocr_carea' id='block_1_2' title="bbox 99 551 1395 2756">
    <p class='ocr_par' dir='ltr' id='par_1_2' title="bbox 151 551 1395 1385">
     <span class='ocr_line' id='line_1_2' title="bbox 189 551 1254 638; baseline 0.003 -22"><span class='ocrx_word' id='word_1_6' title='bbox 189 552 365 618; x_wconf 86' lang='lat' dir='ltr'><strong>adversario</strong></span> <span class='ocrx_word' id='word_1_7' title='bbox 381 553 618 638; x_wconf 87' lang='lat' dir='ltr'><strong>respondendnm</strong></span> <span class='ocrx_word' id='word_1_8' title='bbox 634 553 703 630; x_wconf 82' lang='lat' dir='ltr'><strong>crit,</strong></span> <span class='ocrx_word' id='word_1_9' title='bbox 724 552 794 615; x_wconf 84' lang='lat' dir='ltr'><strong>fiet?</strong></span> <span class='ocrx_word' id='word_1_10' title='bbox 815 551 891 616; x_wconf 87' lang='lat' dir='ltr'><strong>Nem</strong></span> <span class='ocrx_word' id='word_1_11' title='bbox 908 571 997 634; x_wconf 80' lang='lat' dir='ltr'>saepe</span> <span class='ocrx_word' id='word_1_12' title='bbox 1013 573 1068 630; x_wconf 89' lang='lat' dir='ltr'><strong>ea,</strong></span> <span class='ocrx_word' id='word_1_13' title='bbox 1098 575 1173 636; x_wconf 91' lang='lat' dir='ltr'><strong>quae</strong></span> <span class='ocrx_word' id='word_1_14' title='bbox 1190 556 1254 638; x_wconf 92' lang='lat' dir='ltr'><strong>opi·</strong></span> 
     </span>
     <span class='ocr_line' id='line_1_3' title="bbox 189 637 1254 721; baseline 0.001 -19"><span class='ocrx_word' id='word_1_15' title='bbox 189 639 251 703; x_wconf 90' lang='lat' dir='ltr'><strong>nati</strong></span> <span class='ocrx_word' id='word_1_16' title='bbox 274 659 377 703; x_wconf 91' lang='lat' dir='ltr'><strong>sumus</strong></span> <span class='ocrx_word' id='word_1_17' title='bbox 404 647 434 699; x_wconf 91' lang='lat' dir='ltr'><strong>et</strong></span> <span class='ocrx_word' id='word_1_18' title='bbox 457 649 560 701; x_wconf 88' lang='lat' dir='ltr'><strong>contra</strong></span> <span class='ocrx_word' id='word_1_19' title='bbox 583 659 659 719; x_wconf 90' lang='lat' dir='ltr'><strong>quae</strong></span> <span class='ocrx_word' id='word_1_20' title='bbox 681 637 878 721; x_wconf 75' lang='lat' dir='ltr'><strong>scripsimus,</strong></span> <span class='ocrx_word' id='word_1_21' title='bbox 907 637 1011 702; x_wconf 87' lang='lat' dir='ltr'><strong>fallunt</strong></span> <span class='ocrx_word' id='word_1_22' title='bbox 1027 660 1061 700; x_wconf 86' lang='lat' dir='ltr'><strong>ac</strong></span> <span class='ocrx_word' id='word_1_23' title='bbox 1077 650 1139 703; x_wconf 87' lang='lat' dir='ltr'><strong>tote</strong></span> <span class='ocrx_word' id='word_1_24' title='bbox 1153 639 1254 704; x_wconf 89' lang='lat' dir='ltr'><strong>subito</strong></span> 
     </span>
     <span class='ocr_line' id='line_1_4' title="bbox 188 722 1254 808; baseline 0.002 -21"><span class='ocrx_word' id='word_1_25' title='bbox 188 747 278 789; x_wconf 86' lang='lat' dir='ltr'><strong>causa</strong></span> <span class='ocrx_word' id='word_1_26' title='bbox 294 733 443 800; x_wconf 71' lang='lat' dir='ltr'><strong>mutaturq</strong></span> <span class='ocrx_word' id='word_1_27' title='bbox 469 733 557 804; x_wconf 86' lang='lat' dir='ltr'><strong>atque</strong></span> <span class='ocrx_word' id='word_1_28' title='bbox 572 732 606 786; x_wconf 90' lang='lat' dir='ltr'><strong>ut</strong></span> <span class='ocrx_word' id='word_1_29' title='bbox 621 722 816 807; x_wconf 77' lang='lat' dir='ltr'><strong>gubernatori</strong></span> <span class='ocrx_word' id='word_1_30' title='bbox 832 723 868 785; x_wconf 89' lang='lat' dir='ltr'><strong>ad</strong></span> <span class='ocrx_word' id='word_1_31' title='bbox 885 723 1025 787; x_wconf 83' lang='lat' dir='ltr'><strong>incursus</strong></span> <span class='ocrx_word' id='word_1_32' title='bbox 1045 735 1254 808; x_wconf 67' lang='lat' dir='ltr'><strong>tempestatum</strong></span> 
     </span>
     <span class='ocr_line' id='line_1_5' title="bbox 151 807 1254 892; baseline 0 -19"><span class='ocrx_word' id='word_1_33' title='bbox 151 823 167 872; x_wconf 88' lang='grc'>4</span> <span class='ocrx_word' id='word_1_34' title='bbox 191 810 234 872; x_wconf 91' lang='lat' dir='ltr'><strong>sic</strong></span> <span class='ocrx_word' id='word_1_35' title='bbox 250 809 349 892; x_wconf 88' lang='lat' dir='ltr'><strong>agenti</strong></span> <span class='ocrx_word' id='word_1_36' title='bbox 364 807 410 870; x_wconf 91' lang='lat' dir='ltr'><strong>·ad</strong></span> <span class='ocrx_word' id='word_1_37' title='bbox 433 808 610 872; x_wconf 85' lang='lat' dir='ltr'><strong>varietatem</strong></span> <span class='ocrx_word' id='word_1_38' title='bbox 634 829 792 872; x_wconf 83' lang='lat' dir='ltr'><strong>causarum</strong></span> <span class='ocrx_word' id='word_1_39' title='bbox 816 807 894 874; x_wconf 88' lang='lat' dir='ltr'><strong>ratio</strong></span> <span class='ocrx_word' id='word_1_40' title='bbox 917 809 1057 874; x_wconf 84' lang='lat' dir='ltr'><strong>mutanda</strong></span> <span class='ocrx_word' id='word_1_41' title='bbox 1078 822 1136 874; x_wconf 90' lang='lat' dir='ltr'><strong>est.</strong></span> <span class='ocrx_word' id='word_1_42' title='bbox 1178 811 1254 890; x_wconf 79' lang='lat' dir='ltr'><strong>Quid</strong></span> 
     </span>
     <span class='ocr_line' id='line_1_6' title="bbox 189 891 1395 978; baseline 0.001 -20"><span class='ocrx_word' id='word_1_43' title='bbox 189 916 278 978; x_wconf 92' lang='lat' dir='ltr'><strong>porro</strong></span> <span class='ocrx_word' id='word_1_44' title='bbox 294 892 404 956; x_wconf 90' lang='lat' dir='ltr'><strong>multus</strong></span> <span class='ocrx_word' id='word_1_45' title='bbox 428 891 516 956; x_wconf 89' lang='lat' dir='ltr'><strong>stilus</strong></span> <span class='ocrx_word' id='word_1_46' title='bbox 533 905 564 956; x_wconf 83' lang='lat' dir='ltr'><strong>et</strong></span> <span class='ocrx_word' id='word_1_47' title='bbox 579 894 700 958; x_wconf 81' lang='lat' dir='ltr'><strong>assidua</strong></span> <span class='ocrx_word' id='word_1_48' title='bbox 717 895 806 957; x_wconf 89' lang='lat' dir='ltr'><strong>lectio</strong></span> <span class='ocrx_word' id='word_1_49' title='bbox 823 904 853 957; x_wconf 89' lang='lat' dir='ltr'><strong>et</strong></span> <span class='ocrx_word' id='word_1_50' title='bbox 875 893 964 975; x_wconf 83' lang='lat' dir='ltr'><strong>longe</strong></span> <span class='ocrx_word' id='word_1_51' title='bbox 987 896 1154 959; x_wconf 85' lang='lat' dir='ltr'><strong>studiorum</strong></span> <span class='ocrx_word' id='word_1_52' title='bbox 1170 907 1254 959; x_wconf 82' lang='lat' dir='ltr'><strong>aetas</strong></span> <span class='ocrx_word' id='word_1_53' title='bbox 1308 943 1313 946; x_wconf 93' lang='lat'>-</span> <span class='ocrx_word' id='word_1_54' title='bbox 1394 921 1395 924; x_wconf 44' lang='lat'>¹</span> 
     </span>
     <span class='ocr_line' id='line_1_7' title="bbox 190 977 1254 1064; baseline 0.003 -23"><span class='ocrx_word' id='word_1_55' title='bbox 190 981 277 1056; x_wconf 81' lang='lat' dir='ltr'><strong>lacit,</strong></span> <span class='ocrx_word' id='word_1_56' title='bbox 306 977 331 1040; x_wconf 93' lang='lat' dir='ltr'><strong>si</strong></span> <span class='ocrx_word' id='word_1_57' title='bbox 346 986 448 1040; x_wconf 87' lang='lat' dir='ltr'><strong>manet</strong></span> <span class='ocrx_word' id='word_1_58' title='bbox 464 978 567 1040; x_wconf 88' lang='lat' dir='ltr'><strong>eadem</strong></span> <span class='ocrx_word' id='word_1_59' title='bbox 590 1000 666 1061; x_wconf 87' lang='lat' dir='ltr'><strong>quae</strong></span> <span class='ocrx_word' id='word_1_60' title='bbox 689 981 744 1042; x_wconf 85' lang='lat' dir='ltr'><strong>fuit</strong></span> <span class='ocrx_word' id='word_1_61' title='bbox 766 978 979 1064; x_wconf 76' lang='lat' dir='ltr'><strong>incipientibus</strong></span> <span class='ocrx_word' id='word_1_62' title='bbox 994 980 1171 1046; x_wconf 82' lang='lat' dir='ltr'><strong>difficultas?</strong></span> <span class='ocrx_word' id='word_1_63' title='bbox 1199 982 1254 1044; x_wconf 90' lang='lat' dir='ltr'><strong>Pe-</strong></span> 
     </span>
     <span class='ocr_line' id='line_1_8' title="bbox 188 1064 1254 1147; baseline 0.002 -21"><span class='ocrx_word' id='word_1_64' title='bbox 188 1065 277 1128; x_wconf 91' lang='lat' dir='ltr'><strong>riisse</strong></span> <span class='ocrx_word' id='word_1_65' title='bbox 294 1064 426 1146; x_wconf 85' lang='lat' dir='ltr'><strong>profecto</strong></span> <span class='ocrx_word' id='word_1_66' title='bbox 443 1065 643 1126; x_wconf 74' lang='lat' dir='ltr'><strong>confitendum</strong></span> <span class='ocrx_word' id='word_1_67' title='bbox 660 1076 707 1128; x_wconf 87' lang='lat' dir='ltr'><strong>est</strong></span> <span class='ocrx_word' id='word_1_68' title='bbox 722 1064 915 1147; x_wconf 84' lang='lat' dir='ltr'><strong>praeteritum</strong></span> <span class='ocrx_word' id='word_1_69' title='bbox 936 1064 1088 1142; x_wconf 88' lang='lat' dir='ltr'><strong>laborem,</strong></span> <span class='ocrx_word' id='word_1_70' title='bbox 1113 1067 1161 1129; x_wconf 89' lang='lat' dir='ltr'><strong>cui</strong></span> <span class='ocrx_word' id='word_1_71' title='bbox 1176 1088 1254 1131; x_wconf 91' lang='lat' dir='ltr'><strong>sem-</strong></span> 
     </span>
     <span class='ocr_line' id='line_1_9' title="bbox 189 1147 1253 1234; baseline 0.001 -21"><span class='ocrx_word' id='word_1_72' title='bbox 189 1171 242 1234; x_wconf 89' lang='lat' dir='ltr'><strong>per</strong></span> <span class='ocrx_word' id='word_1_73' title='bbox 256 1148 335 1213; x_wconf 92' lang='lat' dir='ltr'><strong>idem</strong></span> <span class='ocrx_word' id='word_1_74' title='bbox 350 1147 545 1212; x_wconf 82' lang='lat' dir='ltr'><strong>laborandum</strong></span> <span class='ocrx_word' id='word_1_75' title='bbox 561 1159 617 1212; x_wconf 91' lang='lat' dir='ltr'><strong>est.</strong></span> <span class='ocrx_word' id='word_1_76' title='bbox 657 1149 761 1230; x_wconf 84' lang='lat' dir='ltr'><strong>Neque</strong></span> <span class='ocrx_word' id='word_1_77' title='bbox 778 1169 834 1230; x_wconf 85' lang='lat' dir='ltr'><strong>ego</strong></span> <span class='ocrx_word' id='word_1_78' title='bbox 852 1147 908 1210; x_wconf 89' lang='lat' dir='ltr'><strong>boc</strong></span> <span class='ocrx_word' id='word_1_79' title='bbox 923 1169 996 1230; x_wconf 82' lang='lat' dir='ltr'><strong>ago,</strong></span> <span class='ocrx_word' id='word_1_80' title='bbox 1016 1162 1049 1213; x_wconf 88' lang='lat' dir='ltr'><strong>ut</strong></span> <span class='ocrx_word' id='word_1_81' title='bbox 1065 1171 1105 1214; x_wconf 87' lang='lat' dir='ltr'><strong>ex</strong></span> <span class='ocrx_word' id='word_1_82' title='bbox 1121 1163 1253 1233; x_wconf 87' lang='lat' dir='ltr'><strong>tempore</strong></span> 
     </span>
     <span class='ocr_line' id='line_1_10' title="bbox 190 1232 1254 1317; baseline 0 -19"><span class='ocrx_word' id='word_1_83' title='bbox 190 1236 288 1298; x_wconf 78' lang='lat' dir='ltr'><strong>dicere</strong></span> <span class='ocrx_word' id='word_1_84' title='bbox 305 1232 387 1296; x_wconf 83' lang='lat' dir='ltr'><strong>malit</strong></span> <span class='ocrx_word' id='word_1_85' title='bbox 402 1234 454 1297; x_wconf 90' lang='lat' dir='ltr'><strong>sed</strong></span> <span class='ocrx_word' id='word_1_86' title='bbox 470 1246 504 1297; x_wconf 92' lang='lat' dir='ltr'><strong>ut</strong></span> <span class='ocrx_word' id='word_1_87' title='bbox 519 1234 625 1317; x_wconf 88' lang='lat' dir='ltr'><strong>possit.</strong></span> <span class='ocrx_word' id='word_1_88' title='bbox 658 1233 689 1296; x_wconf 94' lang='lat' dir='ltr'><strong>Id</strong></span> <span class='ocrx_word' id='word_1_89' title='bbox 705 1239 803 1297; x_wconf 83' lang='lat' dir='ltr'><strong>autem</strong></span> <span class='ocrx_word' id='word_1_90' title='bbox 819 1232 951 1294; x_wconf 84' lang='lat' dir='ltr'><strong>maxime</strong></span> <span class='ocrx_word' id='word_1_91' title='bbox 974 1233 1029 1295; x_wconf 88' lang='lat' dir='ltr'><strong>hoc</strong></span> <span class='ocrx_word' id='word_1_92' title='bbox 1045 1236 1133 1298; x_wconf 92' lang='lat' dir='ltr'><strong>modo</strong></span> <span class='ocrx_word' id='word_1_93' title='bbox 1149 1256 1254 1298; x_wconf 91' lang='lat' dir='ltr'><strong>conse·</strong></span> 
     </span>
     <span class='ocr_line' id='line_1_11' title="bbox 209 1341 873 1385; baseline -0.008 0"><span class='ocrx_word' id='word_1_94' title='bbox 209 1341 325 1385; x_wconf 85' lang='lat' dir='ltr'><strong>nemer.</strong></span> <span class='ocrx_word' id='word_1_95' title='bbox 871 1362 873 1370; x_wconf 71' lang='grc'>.</span> 
     </span>
    </p>

    <p class='ocr_par' dir='ltr' id='par_1_3' title="bbox 99 1344 1256 1913">
     <span class='ocr_line' id='line_1_12' title="bbox 99 1344 1253 1489; baseline -0.002 -21"><span class='ocrx_word' id='word_1_96' title='bbox 99 1469 103 1477; x_wconf 83' lang='grc'>,</span> <span class='ocrx_word' id='word_1_97' title='bbox 154 1344 207 1468; x_wconf 75' lang='lat' dir='ltr'><strong>oq</strong></span> <span class='ocrx_word' id='word_1_98' title='bbox 278 1405 357 1468; x_wconf 86' lang='lat' dir='ltr'><strong>Nota</strong></span> <span class='ocrx_word' id='word_1_99' title='bbox 379 1405 419 1466; x_wconf 94' lang='lat' dir='ltr'><strong>sit</strong></span> <span class='ocrx_word' id='word_1_100' title='bbox 438 1405 566 1486; x_wconf 90' lang='lat' dir='ltr'><strong>primum</strong></span> <span class='ocrx_word' id='word_1_101' title='bbox 590 1403 707 1466; x_wconf 87' lang='lat' dir='ltr'><strong>dicendi</strong></span> <span class='ocrx_word' id='word_1_102' title='bbox 722 1403 783 1466; x_wconf 86' lang='lat' dir='ltr'><strong>viu.</strong></span> <span class='ocrx_word' id='word_1_103' title='bbox 821 1403 926 1486; x_wconf 85' lang='lat' dir='ltr'><strong>Neque</strong></span> <span class='ocrx_word' id='word_1_104' title='bbox 941 1403 1022 1467; x_wconf 88' lang='lat' dir='ltr'><strong>euim</strong></span> <span class='ocrx_word' id='word_1_105' title='bbox 1038 1403 1121 1489; x_wconf 90' lang='lat' dir='ltr'><strong>prius</strong></span> <span class='ocrx_word' id='word_1_106' title='bbox 1138 1405 1253 1467; x_wconf 86' lang='lat' dir='ltr'><strong>coutin-</strong></span> 
     </span>
     <span class='ocr_line' id='line_1_13' title="bbox 190 1487 1256 1574; baseline 0 -22"><span class='ocrx_word' id='word_1_107' title='bbox 190 1510 261 1574; x_wconf 84' lang='lat' dir='ltr'><strong>gere</strong></span> <span class='ocrx_word' id='word_1_108' title='bbox 277 1510 384 1552; x_wconf 90' lang='lat' dir='ltr'><strong>cursus</strong></span> <span class='ocrx_word' id='word_1_109' title='bbox 400 1498 498 1572; x_wconf 88' lang='lat' dir='ltr'><strong>potest</strong></span> <span class='ocrx_word' id='word_1_110' title='bbox 514 1509 600 1570; x_wconf 88' lang='lat' dir='ltr'><strong>quam</strong></span> <span class='ocrx_word' id='word_1_111' title='bbox 616 1487 793 1566; x_wconf 80' lang='lat' dir='ltr'><strong>scierimus,</strong></span> <span class='ocrx_word' id='word_1_112' title='bbox 819 1509 876 1572; x_wconf 92' lang='lat' dir='ltr'><strong>quo</strong></span> <span class='ocrx_word' id='word_1_113' title='bbox 892 1488 932 1553; x_wconf 89' lang='lat' dir='ltr'><strong>sit</strong></span> <span class='ocrx_word' id='word_1_114' title='bbox 954 1499 984 1553; x_wconf 89' lang='lat' dir='ltr'><strong>et</strong></span> <span class='ocrx_word' id='word_1_115' title='bbox 999 1511 1056 1573; x_wconf 88' lang='lat' dir='ltr'><strong>qua</strong></span> <span class='ocrx_word' id='word_1_116' title='bbox 1078 1489 1256 1573; x_wconf 86' lang='lat' dir='ltr'><strong>pervenien-</strong></span> 
     </span>
     <span class='ocr_line' id='line_1_14' title="bbox 189 1571 1255 1657; baseline 0.002 -21"><span class='ocrx_word' id='word_1_117' title='bbox 189 1575 267 1636; x_wconf 91' lang='lat' dir='ltr'><strong>dum.</strong></span> <span class='ocrx_word' id='word_1_118' title='bbox 298 1573 363 1636; x_wconf 91' lang='lat' dir='ltr'><strong>Nec</strong></span> <span class='ocrx_word' id='word_1_119' title='bbox 379 1571 452 1637; x_wconf 83' lang='lat' dir='ltr'><strong>setis</strong></span> <span class='ocrx_word' id='word_1_120' title='bbox 469 1584 591 1636; x_wconf 88' lang='lat' dir='ltr'><strong>estnon</strong></span> <span class='ocrx_word' id='word_1_121' title='bbox 607 1573 766 1656; x_wconf 86' lang='lat' dir='ltr'><strong>ignorare,</strong></span> <span class='ocrx_word' id='word_1_122' title='bbox 786 1594 860 1657; x_wconf 87' lang='lat' dir='ltr'><strong>quae</strong></span> <span class='ocrx_word' id='word_1_123' title='bbox 876 1586 946 1638; x_wconf 83' lang='lat' dir='ltr'><strong>sunt</strong></span> <span class='ocrx_word' id='word_1_124' title='bbox 961 1594 1117 1639; x_wconf 85' lang='lat' dir='ltr'><strong>causarum</strong></span> <span class='ocrx_word' id='word_1_125' title='bbox 1131 1575 1255 1638; x_wconf 81' lang='lat' dir='ltr'><strong>iudicio-</strong></span> 
     </span>
     <span class='ocr_line' id='line_1_15' title="bbox 189 1659 1255 1743; baseline 0 -21"><span class='ocrx_word' id='word_1_126' title='bbox 189 1660 261 1722; x_wconf 88' lang='lat' dir='ltr'><strong>lium</strong></span> <span class='ocrx_word' id='word_1_127' title='bbox 277 1669 396 1741; x_wconf 86' lang='lat' dir='ltr'><strong>partes,</strong></span> <span class='ocrx_word' id='word_1_128' title='bbox 420 1668 471 1722; x_wconf 88' lang='lat' dir='ltr'><strong>aut</strong></span> <span class='ocrx_word' id='word_1_129' title='bbox 487 1659 694 1740; x_wconf 86' lang='lat' dir='ltr'><strong>quaestionum</strong></span> <span class='ocrx_word' id='word_1_130' title='bbox 710 1659 846 1722; x_wconf 88' lang='lat' dir='ltr'><strong>ordinem</strong></span> <span class='ocrx_word' id='word_1_131' title='bbox 861 1672 943 1725; x_wconf 89' lang='lat' dir='ltr'><strong>recte</strong></span> <span class='ocrx_word' id='word_1_132' title='bbox 960 1660 1135 1743; x_wconf 83' lang='lat' dir='ltr'><strong>disponere,</strong></span> <span class='ocrx_word' id='word_1_133' title='bbox 1162 1682 1255 1742; x_wconf 91' lang='lat' dir='ltr'><strong>quan-</strong></span> 
     </span>
     <span class='ocr_line' id='line_1_16' title="bbox 189 1742 1253 1828; baseline -0.002 -20"><span class='ocrx_word' id='word_1_134' title='bbox 189 1766 275 1828; x_wconf 86' lang='lat' dir='ltr'><strong>quam</strong></span> <span class='ocrx_word' id='word_1_135' title='bbox 289 1743 349 1806; x_wconf 87' lang='lat' dir='ltr'><strong>ista</strong></span> <span class='ocrx_word' id='word_1_136' title='bbox 365 1742 426 1805; x_wconf 92' lang='lat' dir='ltr'><strong>sint</strong></span> <span class='ocrx_word' id='word_1_137' title='bbox 441 1743 620 1828; x_wconf 73' lang='lat' dir='ltr'><strong>praecipuaq</strong></span> <span class='ocrx_word' id='word_1_138' title='bbox 646 1745 700 1808; x_wconf 89' lang='lat' dir='ltr'><strong>sed</strong></span> <span class='ocrx_word' id='word_1_139' title='bbox 716 1745 785 1827; x_wconf 90' lang='lat' dir='ltr'><strong>quid</strong></span> <span class='ocrx_word' id='word_1_140' title='bbox 801 1765 916 1826; x_wconf 91' lang='lat' dir='ltr'><strong>quoque</strong></span> <span class='ocrx_word' id='word_1_141' title='bbox 937 1746 1004 1808; x_wconf 93' lang='lat' dir='ltr'><strong>loco</strong></span> <span class='ocrx_word' id='word_1_142' title='bbox 1020 1745 1146 1828; x_wconf 88' lang='lat' dir='ltr'><strong>primum</strong></span> <span class='ocrx_word' id='word_1_143' title='bbox 1162 1746 1204 1808; x_wconf 86' lang='lat' dir='ltr'><strong>sit</strong></span> <span class='ocrx_word' id='word_1_144' title='bbox 1219 1767 1253 1806; x_wconf 84' lang='lat' dir='ltr'><strong>ne</strong></span> 
     </span>
     <span class='ocr_line' id='line_1_17' title="bbox 190 1828 1254 1913; baseline -0.003 -20"><span class='ocrx_word' id='word_1_145' title='bbox 190 1829 351 1893; x_wconf 89' lang='lat' dir='ltr'><strong>secundum</strong></span> <span class='ocrx_word' id='word_1_146' title='bbox 367 1839 397 1891; x_wconf 89' lang='lat' dir='ltr'><strong>et</strong></span> <span class='ocrx_word' id='word_1_147' title='bbox 413 1828 570 1912; x_wconf 68' lang='lat' dir='ltr'><strong>deincepsq</strong></span> <span class='ocrx_word' id='word_1_148' title='bbox 588 1849 662 1910; x_wconf 92' lang='lat' dir='ltr'><strong>quae</strong></span> <span class='ocrx_word' id='word_1_149' title='bbox 676 1830 720 1892; x_wconf 86' lang='lat' dir='ltr'><strong>ita</strong></span> <span class='ocrx_word' id='word_1_150' title='bbox 734 1840 806 1892; x_wconf 88' lang='lat' dir='ltr'><strong>sunt</strong></span> <span class='ocrx_word' id='word_1_151' title='bbox 820 1832 1084 1913; x_wconf 85' lang='lat' dir='ltr'><strong>naturacopulata,</strong></span> <span class='ocrx_word' id='word_1_152' title='bbox 1102 1829 1254 1892; x_wconf 88' lang='lat' dir='ltr'><strong>utmutari</strong></span> 
     </span>
    </p>

    <p class='ocr_par' dir='ltr' id='par_1_4' title="bbox 155 1912 1253 1998">
     <span class='ocr_line' id='line_1_18' title="bbox 155 1912 1253 1998; baseline 0.003 -23"><span class='ocrx_word' id='word_1_153' title='bbox 155 1927 170 1975; x_wconf 81' lang='lat' dir='ltr'><strong>e</strong></span> <span class='ocrx_word' id='word_1_154' title='bbox 194 1926 246 1979; x_wconf 88' lang='lat' dir='ltr'><strong>aut</strong></span> <span class='ocrx_word' id='word_1_155' title='bbox 260 1913 412 1978; x_wconf 86' lang='lat' dir='ltr'><strong>intervelli</strong></span> <span class='ocrx_word' id='word_1_156' title='bbox 427 1913 494 1978; x_wconf 86' lang='lat' dir='ltr'><strong>sine</strong></span> <span class='ocrx_word' id='word_1_157' title='bbox 510 1912 686 1978; x_wconf 81' lang='lat' dir='ltr'><strong>confusione</strong></span> <span class='ocrx_word' id='word_1_158' title='bbox 702 1935 762 1978; x_wconf 88' lang='lat' dir='ltr'><strong>uon</strong></span> <span class='ocrx_word' id='word_1_159' title='bbox 779 1915 906 1998; x_wconf 88' lang='lat' dir='ltr'><strong>possint.</strong></span> <span class='ocrx_word' id='word_1_160' title='bbox 932 1915 1072 1998; x_wconf 79' lang='lat' dir='ltr'><strong>Quisquis</strong></span> <span class='ocrx_word' id='word_1_161' title='bbox 1088 1925 1187 1980; x_wconf 88' lang='lat' dir='ltr'><strong>autem</strong></span> <span class='ocrx_word' id='word_1_162' title='bbox 1202 1914 1253 1978; x_wconf 89' lang='lat' dir='ltr'><strong>via</strong></span> 
     </span>
    </p>

    <p class='ocr_par' dir='ltr' id='par_1_5' title="bbox 123 1999 1258 2680">
     <span class='ocr_line' id='line_1_19' title="bbox 123 1999 1255 2084; baseline -0.003 -20"><span class='ocrx_word' id='word_1_163' title='bbox 123 2013 125 2016; x_wconf 82' lang='grc'><strong>’</strong></span> <span class='ocrx_word' id='word_1_164' title='bbox 190 2002 279 2078; x_wconf 88' lang='lat' dir='ltr'><strong>dicet,</strong></span> <span class='ocrx_word' id='word_1_165' title='bbox 298 2000 424 2066; x_wconf 89' lang='lat' dir='ltr'><strong>ducetur</strong></span> <span class='ocrx_word' id='word_1_166' title='bbox 438 2010 509 2063; x_wconf 90' lang='lat' dir='ltr'><strong>ante</strong></span> <span class='ocrx_word' id='word_1_167' title='bbox 524 1999 624 2062; x_wconf 83' lang='lat' dir='ltr'><strong>omnia</strong></span> <span class='ocrx_word' id='word_1_168' title='bbox 639 2019 741 2063; x_wconf 86' lang='lat' dir='ltr'><strong>rerum</strong></span> <span class='ocrx_word' id='word_1_169' title='bbox 756 1999 822 2083; x_wconf 87' lang='lat' dir='ltr'><strong>ipsa</strong></span> <span class='ocrx_word' id='word_1_170' title='bbox 837 2000 918 2064; x_wconf 87' lang='lat' dir='ltr'><strong>serie</strong></span> <span class='ocrx_word' id='word_1_171' title='bbox 928 2002 1012 2066; x_wconf 86' lang='lat' dir='ltr'><strong>velut</strong></span> <span class='ocrx_word' id='word_1_172' title='bbox 1024 2002 1115 2077; x_wconf 83' lang='lat' dir='ltr'><strong>duce3</strong></span> <span class='ocrx_word' id='word_1_173' title='bbox 1133 2010 1255 2084; x_wconf 85' lang='lat' dir='ltr'><strong>propter</strong></span> 
     </span>
     <span class='ocr_line' id='line_1_20' title="bbox 191 2085 1256 2170; baseline -0.004 -19"><span class='ocrx_word' id='word_1_174' title='bbox 191 2087 267 2170; x_wconf 91' lang='lat' dir='ltr'><strong>quod</strong></span> <span class='ocrx_word' id='word_1_175' title='bbox 296 2085 432 2158; x_wconf 86' lang='lat' dir='ltr'><strong>homines</strong></span> <span class='ocrx_word' id='word_1_176' title='bbox 464 2087 553 2150; x_wconf 81' lang='lat' dir='ltr'><strong>etiam</strong></span> <span class='ocrx_word' id='word_1_177' title='bbox 576 2086 690 2148; x_wconf 89' lang='lat' dir='ltr'><strong>modice</strong></span> <span class='ocrx_word' id='word_1_178' title='bbox 714 2085 873 2149; x_wconf 78' lang='lat' dir='ltr'><strong>exercitati</strong></span> <span class='ocrx_word' id='word_1_179' title='bbox 901 2087 1041 2150; x_wconf 77' lang='lat' dir='ltr'><strong>facillime</strong></span> <span class='ocrx_word' id='word_1_180' title='bbox 1064 2096 1206 2168; x_wconf 31' lang='lat' dir='ltr'><strong>tenorem„</strong></span> <span class='ocrx_word' id='word_1_181' title='bbox 1224 2085 1256 2147; x_wconf 91' lang='lat' dir='ltr'><strong>iu</strong></span> 
     </span>
     <span class='ocr_line' id='line_1_21' title="bbox 191 2170 1253 2256; baseline -0.002 -22"><span class='ocrx_word' id='word_1_182' title='bbox 191 2170 415 2236; x_wconf 84' lang='lat' dir='ltr'><strong>narrationibus</strong></span> <span class='ocrx_word' id='word_1_183' title='bbox 437 2181 570 2235; x_wconf 89' lang='lat' dir='ltr'><strong>servant.</strong></span> <span class='ocrx_word' id='word_1_184' title='bbox 609 2170 743 2246; x_wconf 86' lang='lat' dir='ltr'><strong>Deinde,</strong></span> <span class='ocrx_word' id='word_1_185' title='bbox 776 2171 845 2253; x_wconf 90' lang='lat' dir='ltr'><strong>quid</strong></span> <span class='ocrx_word' id='word_1_186' title='bbox 868 2193 984 2256; x_wconf 91' lang='lat' dir='ltr'><strong>quoque</strong></span> <span class='ocrx_word' id='word_1_187' title='bbox 1008 2172 1076 2235; x_wconf 89' lang='lat' dir='ltr'><strong>loco</strong></span> <span class='ocrx_word' id='word_1_188' title='bbox 1098 2180 1253 2253; x_wconf 83' lang='lat' dir='ltr'><strong>quaerunt,</strong></span> 
     </span>
     <span class='ocr_line' id='line_1_22' title="bbox 191 2255 1256 2339; baseline -0.002 -19"><span class='ocrx_word' id='word_1_189' title='bbox 191 2257 304 2330; x_wconf 89' lang='lat' dir='ltr'><strong>scient,</strong></span> <span class='ocrx_word' id='word_1_190' title='bbox 328 2276 385 2318; x_wconf 89' lang='lat' dir='ltr'><strong>nec</strong></span> <span class='ocrx_word' id='word_1_191' title='bbox 408 2256 694 2339; x_wconf 85' lang='lat' dir='ltr'><strong>circumspectabunt</strong></span> <span class='ocrx_word' id='word_1_192' title='bbox 717 2276 772 2318; x_wconf 91' lang='lat' dir='ltr'><strong>nec</strong></span> <span class='ocrx_word' id='word_1_193' title='bbox 788 2255 983 2320; x_wconf 86' lang='lat' dir='ltr'><strong>offerentibus</strong></span> <span class='ocrx_word' id='word_1_194' title='bbox 1004 2279 1037 2320; x_wconf 90' lang='lat' dir='ltr'><strong>se</strong></span> <span class='ocrx_word' id='word_1_195' title='bbox 1054 2256 1171 2320; x_wconf 87' lang='lat' dir='ltr'><strong>aliunde</strong></span> <span class='ocrx_word' id='word_1_196' title='bbox 1188 2276 1256 2319; x_wconf 90' lang='lat' dir='ltr'><strong>sen·</strong></span> 
     </span>
     <span class='ocr_line' id='line_1_23' title="bbox 191 2339 1258 2417; baseline 0.001 -14"><span class='ocrx_word' id='word_1_197' title='bbox 191 2340 272 2403; x_wconf 91' lang='lat' dir='ltr'><strong>sibus</strong></span> <span class='ocrx_word' id='word_1_198' title='bbox 288 2339 487 2402; x_wconf 88' lang='lat' dir='ltr'><strong>turbabuntur</strong></span> <span class='ocrx_word' id='word_1_199' title='bbox 502 2360 558 2402; x_wconf 89' lang='lat' dir='ltr'><strong>nec</strong></span> <span class='ocrx_word' id='word_1_200' title='bbox 573 2341 754 2402; x_wconf 82' lang='lat' dir='ltr'><strong>eonbrndent</strong></span> <span class='ocrx_word' id='word_1_201' title='bbox 770 2361 810 2403; x_wconf 87' lang='lat' dir='ltr'><strong>ex</strong></span> <span class='ocrx_word' id='word_1_202' title='bbox 826 2342 955 2408; x_wconf 89' lang='lat' dir='ltr'><strong>diversis</strong></span> <span class='ocrx_word' id='word_1_203' title='bbox 972 2343 1156 2417; x_wconf 84' lang='lat' dir='ltr'><strong>orationem,</strong></span> <span class='ocrx_word' id='word_1_204' title='bbox 1175 2342 1258 2404; x_wconf 88' lang='lat' dir='ltr'><strong>velut</strong></span> 
     </span>
     <span class='ocr_line' id='line_1_24' title="bbox 155 2422 1256 2505; baseline 0 -19"><span class='ocrx_word' id='word_1_205' title='bbox 155 2425 334 2490; x_wconf 68' lang='lat' dir='ltr'><strong>usatientcs</strong></span> <span class='ocrx_word' id='word_1_206' title='bbox 350 2424 406 2486; x_wconf 90' lang='lat' dir='ltr'><strong>buc</strong></span> <span class='ocrx_word' id='word_1_207' title='bbox 420 2422 491 2486; x_wconf 92' lang='lat' dir='ltr'><strong>illuc</strong></span> <span class='ocrx_word' id='word_1_208' title='bbox 507 2443 562 2486; x_wconf 89' lang='lat' dir='ltr'><strong>nec</strong></span> <span class='ocrx_word' id='word_1_209' title='bbox 578 2443 702 2505; x_wconf 88' lang='lat' dir='ltr'><strong>usquam</strong></span> <span class='ocrx_word' id='word_1_210' title='bbox 718 2425 906 2486; x_wconf 88' lang='lat' dir='ltr'><strong>insistentes.</strong></span> <span class='ocrx_word' id='word_1_211' title='bbox 931 2427 1088 2488; x_wconf 85' lang='lat' dir='ltr'><strong>Postremo</strong></span> <span class='ocrx_word' id='word_1_212' title='bbox 1105 2425 1256 2488; x_wconf 84' lang='lat' dir='ltr'><strong>habebunt</strong></span> 
     </span>
     <span class='ocr_line' id='line_1_25' title="bbox 190 2507 1255 2594; baseline -0.002 -20"><span class='ocrx_word' id='word_1_213' title='bbox 190 2511 308 2574; x_wconf 89' lang='lat' dir='ltr'><strong>modum</strong></span> <span class='ocrx_word' id='word_1_214' title='bbox 325 2519 356 2574; x_wconf 84' lang='lat' dir='ltr'><strong>et</strong></span> <span class='ocrx_word' id='word_1_215' title='bbox 369 2509 477 2584; x_wconf 86' lang='lat' dir='ltr'><strong>linem,</strong></span> <span class='ocrx_word' id='word_1_216' title='bbox 496 2507 545 2591; x_wconf 88' lang='lat' dir='ltr'><strong>qui</strong></span> <span class='ocrx_word' id='word_1_217' title='bbox 561 2528 628 2571; x_wconf 89' lang='lat' dir='ltr'><strong>esse</strong></span> <span class='ocrx_word' id='word_1_218' title='bbox 644 2508 719 2572; x_wconf 88' lang='lat' dir='ltr'><strong>citra</strong></span> <span class='ocrx_word' id='word_1_219' title='bbox 734 2508 912 2572; x_wconf 89' lang='lat' dir='ltr'><strong>divisionem</strong></span> <span class='ocrx_word' id='word_1_220' title='bbox 928 2511 1027 2576; x_wconf 88' lang='lat' dir='ltr'><strong>nullus</strong></span> <span class='ocrx_word' id='word_1_221' title='bbox 1043 2519 1152 2594; x_wconf 88' lang='lat' dir='ltr'><strong>potest.</strong></span> <span class='ocrx_word' id='word_1_222' title='bbox 1191 2510 1255 2572; x_wconf 84' lang='lat' dir='ltr'><strong>Ex·</strong></span> 
     </span>
     <span class='ocr_line' id='line_1_26' title="bbox 190 2594 1255 2680; baseline -0.004 -21"><span class='ocrx_word' id='word_1_223' title='bbox 190 2597 277 2680; x_wconf 88' lang='lat' dir='ltr'><strong>pletis</strong></span> <span class='ocrx_word' id='word_1_224' title='bbox 301 2617 353 2679; x_wconf 93' lang='lat' dir='ltr'><strong>pro</strong></span> <span class='ocrx_word' id='word_1_225' title='bbox 378 2595 520 2658; x_wconf 79' lang='lat' dir='ltr'><strong>lacrdtate</strong></span> <span class='ocrx_word' id='word_1_226' title='bbox 536 2594 673 2658; x_wconf 89' lang='lat' dir='ltr'><strong>omuibus</strong></span> <span class='ocrx_word' id='word_1_227' title='bbox 689 2615 763 2678; x_wconf 82' lang='lat' dir='ltr'><strong>quae</strong></span> <span class='ocrx_word' id='word_1_228' title='bbox 778 2596 1008 2679; x_wconf 86' lang='lat' dir='ltr'><strong>proposuerint,</strong></span> <span class='ocrx_word' id='word_1_229' title='bbox 1032 2595 1206 2680; x_wconf 86' lang='lat' dir='ltr'><strong>pervenisse</strong></span> <span class='ocrx_word' id='word_1_230' title='bbox 1222 2615 1255 2658; x_wconf 91' lang='lat' dir='ltr'><strong>se</strong></span> 
     </span>
    </p>

    <p class='ocr_par' dir='ltr' id='par_1_6' title="bbox 191 2679 1247 2756">
     <span class='ocr_line' id='line_1_27' title="bbox 191 2679 1247 2756; baseline -0.004 -10"><span class='ocrx_word' id='word_1_231' title='bbox 191 2683 227 2746; x_wconf 91' lang='lat' dir='ltr'><strong>ad</strong></span> <span class='ocrx_word' id='word_1_232' title='bbox 242 2683 381 2756; x_wconf 87' lang='lat' dir='ltr'><strong>ultimum</strong></span> <span class='ocrx_word' id='word_1_233' title='bbox 400 2681 544 2744; x_wconf 91' lang='lat' dir='ltr'><strong>sentient.</strong></span> <span class='ocrx_word' id='word_1_234' title='bbox 1237 2679 1247 2696; x_wconf 87' lang='lat'>&#39;</span> 
     </span>
    </p>
   </div>
   <div class='ocr_carea' id='block_1_3' title="bbox 76 2868 1301 4096">
    <p class='ocr_par' dir='ltr' id='par_1_7' title="bbox 181 2868 1301 3754">
     <span class='ocr_line' id='line_1_28' title="bbox 189 2868 1254 2935; baseline 0.005 -19"><span class='ocrx_word' id='word_1_235' title='bbox 189 2868 248 2930; x_wconf 87' lang='lat' dir='ltr'><strong>des,</strong></span> <span class='ocrx_word' id='word_1_236' title='bbox 262 2883 315 2918; x_wconf 87' lang='lat' dir='ltr'><strong>wes</strong></span> <span class='ocrx_word' id='word_1_237' title='bbox 328 2870 376 2918; x_wconf 88' lang='lat' dir='ltr'><strong>wir</strong></span> <span class='ocrx_word' id='word_1_238' title='bbox 387 2871 509 2932; x_wconf 87' lang='lat' dir='ltr'><strong>,‚Brust“</strong></span> <span class='ocrx_word' id='word_1_239' title='bbox 524 2885 638 2932; x_wconf 79' lang='lat' dir='ltr'><strong>neuneu3</strong></span> <span class='ocrx_word' id='word_1_240' title='bbox 653 2870 696 2926; x_wconf 88' lang='lat' dir='ltr'><strong>be·</strong></span> <span class='ocrx_word' id='word_1_241' title='bbox 750 2871 775 2920; x_wconf 89' lang='lat'><strong>3.</strong></span> <span class='ocrx_word' id='word_1_242' title='bbox 803 2869 850 2920; x_wconf 87' lang='lat' dir='ltr'><strong>Die</strong></span> <span class='ocrx_word' id='word_1_243' title='bbox 869 2868 1084 2935; x_wconf 81' lang='lat' dir='ltr'><strong>Personificirung</strong></span> <span class='ocrx_word' id='word_1_244' title='bbox 1106 2873 1151 2922; x_wconf 90' lang='lat' dir='ltr'><strong>der</strong></span> <span class='ocrx_word' id='word_1_245' title='bbox 1175 2871 1254 2935; x_wconf 81' lang='lat' dir='ltr'><strong>Rode,</strong></span> 
     </span>
     <span class='ocr_line' id='line_1_29' title="bbox 188 2936 1256 3004; baseline 0.007 -22"><span class='ocrx_word' id='word_1_246' title='bbox 188 2936 296 2998; x_wconf 81' lang='lat' dir='ltr'><strong>griindet</strong></span> <span class='ocrx_word' id='word_1_247' title='bbox 309 2937 343 2985; x_wconf 90' lang='lat' dir='ltr'><strong>ist</strong></span> <span class='ocrx_word' id='word_1_248' title='bbox 356 2938 402 2986; x_wconf 88' lang='lat' dir='ltr'><strong>der</strong></span> <span class='ocrx_word' id='word_1_249' title='bbox 414 2939 549 2988; x_wconf 76' lang='lat' dir='ltr'><strong>Ausdruek</strong></span> <span class='ocrx_word' id='word_1_250' title='bbox 563 2939 641 2990; x_wconf 88' lang='lat' dir='ltr'><strong>durch</strong></span> <span class='ocrx_word' id='word_1_251' title='bbox 655 2939 696 2988; x_wconf 89' lang='lat' dir='ltr'><strong>die</strong></span> <span class='ocrx_word' id='word_1_252' title='bbox 748 2939 867 2989; x_wconf 88' lang='lat' dir='ltr'><strong>wodureb</strong></span> <span class='ocrx_word' id='word_1_253' title='bbox 882 2940 920 2988; x_wconf 92' lang='lat' dir='ltr'><strong>sie</strong></span> <span class='ocrx_word' id='word_1_254' title='bbox 933 2940 1071 3004; x_wconf 80' lang='lat' dir='ltr'><strong>gleichsam</strong></span> <span class='ocrx_word' id='word_1_255' title='bbox 1093 2941 1256 3003; x_wconf 76' lang='lat' dir='ltr'><strong>selbsttb&#39;aitig</strong></span> 
     </span>
     <span class='ocr_line' id='line_1_30' title="bbox 188 3001 1256 3072; baseline 0.007 -21"><span class='ocrx_word' id='word_1_256' title='bbox 188 3003 258 3064; x_wconf 82' lang='lat' dir='ltr'><strong>Lege</strong></span> <span class='ocrx_word' id='word_1_257' title='bbox 272 3003 317 3051; x_wconf 92' lang='lat' dir='ltr'><strong>der</strong></span> <span class='ocrx_word' id='word_1_258' title='bbox 329 3001 435 3064; x_wconf 79' lang='lat' dir='ltr'><strong>Luugeu</strong></span> <span class='ocrx_word' id='word_1_259' title='bbox 454 3004 487 3052; x_wconf 90' lang='lat' dir='ltr'><strong>im</strong></span> <span class='ocrx_word' id='word_1_260' title='bbox 501 3003 609 3069; x_wconf 79' lang='lat' dir='ltr'><strong>llb&#39;rper.</strong></span> <span class='ocrx_word' id='word_1_261' title='bbox 635 3005 694 3068; x_wconf 81' lang='lat' dir='ltr'><strong>Vgl.</strong></span> <span class='ocrx_word' id='word_1_262' title='bbox 749 3005 1256 3072; x_wconf 80' lang='lat' dir='ltr'><strong>aullritt,istbeiQu.uicbtuugew‘obn-</strong></span> 
     </span>
     <span class='ocr_line' id='line_1_31' title="bbox 188 3069 1255 3137; baseline 0.006 -17"><span class='ocrx_word' id='word_1_263' title='bbox 188 3069 246 3136; x_wconf 88' lang='lat' dir='ltr'><strong>XN,</strong></span> <span class='ocrx_word' id='word_1_264' title='bbox 264 3071 304 3135; x_wconf 88' lang='lat'><strong>11,</strong></span> <span class='ocrx_word' id='word_1_265' title='bbox 320 3071 351 3120; x_wconf 79' lang='lat'><strong>2:</strong></span> <span class='ocrx_word' id='word_1_266' title='bbox 377 3069 470 3135; x_wconf 83' lang='lat' dir='ltr'><strong>Neque</strong></span> <span class='ocrx_word' id='word_1_267' title='bbox 490 3075 695 3121; x_wconf 76' lang='lat' dir='ltr'><strong>scientiamodo</strong></span> <span class='ocrx_word' id='word_1_268' title='bbox 748 3075 816 3133; x_wconf 80' lang='lat' dir='ltr'><strong>lieb;</strong></span> <span class='ocrx_word' id='word_1_269' title='bbox 841 3071 974 3137; x_wconf 75' lang='lat' dir='ltr'><strong>ogtxn,</strong></span> <span class='ocrx_word' id='word_1_270' title='bbox 995 3076 1071 3137; x_wconf 81' lang='lat'><strong>9,2:</strong></span> <span class='ocrx_word' id='word_1_271' title='bbox 1098 3081 1138 3126; x_wconf 84' lang='lat' dir='ltr'><strong>itu</strong></span> <span class='ocrx_word' id='word_1_272' title='bbox 1164 3081 1255 3126; x_wconf 80' lang='lat' dir='ltr'><strong>oratio</strong></span> 
     </span>
     <span class='ocr_line' id='line_1_32' title="bbox 189 3138 1254 3204; baseline 0.001 -15"><span class='ocrx_word' id='word_1_273' title='bbox 189 3145 299 3190; x_wconf 80' lang='lat' dir='ltr'><strong>constat</strong></span> <span class='ocrx_word' id='word_1_274' title='bbox 311 3145 421 3202; x_wconf 82' lang='lat' dir='ltr'><strong>orator,</strong></span> <span class='ocrx_word' id='word_1_275' title='bbox 444 3138 492 3188; x_wconf 84' lang='lat' dir='ltr'><strong>red</strong></span> <span class='ocrx_word' id='word_1_276' title='bbox 504 3153 579 3201; x_wconf 81' lang='lat' dir='ltr'><strong>uoce,</strong></span> <span class='ocrx_word' id='word_1_277' title='bbox 597 3138 693 3200; x_wconf 79' lang='lat' dir='ltr'><strong>lutere,</strong></span> <span class='ocrx_word' id='word_1_278' title='bbox 745 3141 993 3204; x_wconf 80' lang='lat' dir='ltr'><strong>goudebz&#39;tqur&#39;dem</strong></span> <span class='ocrx_word' id='word_1_279' title='bbox 1002 3147 1141 3192; x_wconf 74' lang='lat' dir='ltr'><strong>occasione</strong></span> <span class='ocrx_word' id='word_1_280' title='bbox 1154 3145 1254 3192; x_wconf 74' lang='lat' dir='ltr'><strong>laetius</strong></span> 
     </span>
     <span class='ocr_line' id='line_1_33' title="bbox 181 3205 1255 3276; baseline 0.004 -20"><span class='ocrx_word' id='word_1_281' title='bbox 181 3211 332 3270; x_wconf 80' lang='lat' dir='ltr'><strong>firmitate.</strong></span> <span class='ocrx_word' id='word_1_282' title='bbox 748 3205 911 3256; x_wconf 82' lang='lat' dir='ltr'><strong>decaarrcuda&#39;</strong></span> <span class='ocrx_word' id='word_1_283' title='bbox 942 3212 970 3255; x_wconf 82' lang='lat' dir='ltr'><strong>at</strong></span> <span class='ocrx_word' id='word_1_284' title='bbox 997 3222 1083 3274; x_wconf 84' lang='lat' dir='ltr'><strong>aequo</strong></span> <span class='ocrx_word' id='word_1_285' title='bbox 1110 3225 1255 3276; x_wconf 80' lang='lat' dir='ltr'><strong>congressu</strong></span> 
     </span>
     <span class='ocr_line' id='line_1_34' title="bbox 225 3273 1255 3344; baseline 0.006 -22"><span class='ocrx_word' id='word_1_286' title='bbox 225 3275 247 3322; x_wconf 89' lang='lat'><strong>3.</strong></span> <span class='ocrx_word' id='word_1_287' title='bbox 275 3276 391 3339; x_wconf 83' lang='lat' dir='ltr'><strong>Quoc-</strong></span> <span class='ocrx_word' id='word_1_288' title='bbox 407 3293 495 3327; x_wconf 76' lang='lat' dir='ltr'><strong>costes.</strong></span> <span class='ocrx_word' id='word_1_289' title='bbox 523 3274 611 3341; x_wconf 76' lang='lat' dir='ltr'><strong>Quint.</strong></span> <span class='ocrx_word' id='word_1_290' title='bbox 634 3274 696 3325; x_wconf 88' lang='lat' dir='ltr'><strong>bebt</strong></span> <span class='ocrx_word' id='word_1_291' title='bbox 748 3273 1255 3344; x_wconf 72' lang='lat' dir='ltr'><strong>campotutasuireipopularitereu-</strong></span> 
     </span>
     <span class='ocr_line' id='line_1_35' title="bbox 189 3341 1301 3412; baseline 0.002 -18"><span class='ocrx_word' id='word_1_292' title='bbox 189 3341 299 3394; x_wconf 84' lang='lat' dir='ltr'><strong>vielfacb</strong></span> <span class='ocrx_word' id='word_1_293' title='bbox 322 3345 429 3407; x_wconf 86' lang='lat' dir='ltr'><strong>berver,</strong></span> <span class='ocrx_word' id='word_1_294' title='bbox 451 3344 510 3394; x_wconf 86' lang='lat' dir='ltr'><strong>dass</strong></span> <span class='ocrx_word' id='word_1_295' title='bbox 530 3346 576 3394; x_wconf 88' lang='lat' dir='ltr'><strong>der</strong></span> <span class='ocrx_word' id='word_1_296' title='bbox 595 3341 696 3395; x_wconf 85' lang='lat' dir='ltr'><strong>Redner</strong></span> <span class='ocrx_word' id='word_1_297' title='bbox 743 3343 878 3410; x_wconf 56' lang='lat' dir='ltr'><strong>plicabit„</strong></span> <span class='ocrx_word' id='word_1_298' title='bbox 898 3341 938 3394; x_wconf 90' lang='lat' dir='ltr'><strong>Zu</strong></span> <span class='ocrx_word' id='word_1_299' title='bbox 950 3349 1077 3397; x_wconf 79' lang='lat' dir='ltr'><strong>omittere</strong></span> <span class='ocrx_word' id='word_1_300' title='bbox 1090 3347 1142 3412; x_wconf 83' lang='lat' dir='ltr'><strong>vgl.</strong></span> <span class='ocrx_word' id='word_1_301' title='bbox 1158 3346 1213 3412; x_wconf 91' lang='lat' dir='ltr'><strong>Vll,</strong></span> <span class='ocrx_word' id='word_1_302' title='bbox 1230 3347 1253 3412; x_wconf 85' lang='lat' dir='ltr'><strong>l,</strong></span> <span class='ocrx_word' id='word_1_303' title='bbox 1298 3347 1301 3360; x_wconf 95' lang='lat'>&#39;</span> 
     </span>
     <span class='ocr_line' id='line_1_36' title="bbox 190 3408 1256 3482; baseline 0.002 -20"><span class='ocrx_word' id='word_1_304' title='bbox 190 3413 229 3462; x_wconf 91' lang='lat' dir='ltr'><strong>die</strong></span> <span class='ocrx_word' id='word_1_305' title='bbox 266 3408 463 3461; x_wconf 75' lang='lat' dir='ltr'><strong>Zwisobcnl&#39;dlle</strong></span> <span class='ocrx_word' id='word_1_306' title='bbox 498 3413 619 3464; x_wconf 67' lang='lat' dir='ltr'><strong>wibrend</strong></span> <span class='ocrx_word' id='word_1_307' title='bbox 651 3413 696 3463; x_wconf 90' lang='lat' dir='ltr'><strong>der</strong></span> <span class='ocrx_word' id='word_1_308' title='bbox 749 3409 797 3462; x_wconf 78' lang='lat'><strong>19:</strong></span> <span class='ocrx_word' id='word_1_309' title='bbox 817 3429 886 3477; x_wconf 86' lang='lat' dir='ltr'><strong>nou,</strong></span> <span class='ocrx_word' id='word_1_310' title='bbox 901 3416 933 3463; x_wconf 83' lang='lat' dir='ltr'><strong>ut</strong></span> <span class='ocrx_word' id='word_1_311' title='bbox 944 3413 1087 3465; x_wconf 81' lang='lat' dir='ltr'><strong>damnasse</strong></span> <span class='ocrx_word' id='word_1_312' title='bbox 1100 3432 1144 3467; x_wconf 89' lang='lat' dir='ltr'><strong>eos</strong></span> <span class='ocrx_word' id='word_1_313' title='bbox 1164 3419 1256 3482; x_wconf 83' lang='lat' dir='ltr'><strong>(quoc-</strong></span> 
     </span>
     <span class='ocr_line' id='line_1_37' title="bbox 189 3480 1253 3546; baseline 0.001 -15"><span class='ocrx_word' id='word_1_314' title='bbox 189 3480 694 3546; x_wconf 63' lang='lat' dir='ltr'><strong>Actioubenutzenpsicbnicbtpelnliob</strong></span> <span class='ocrx_word' id='word_1_315' title='bbox 746 3482 861 3546; x_wconf 80' lang='lat' dir='ltr'><strong>stiones)</strong></span> <span class='ocrx_word' id='word_1_316' title='bbox 887 3481 1028 3533; x_wconf 78' lang='lat' dir='ltr'><strong>videamur</strong></span> <span class='ocrx_word' id='word_1_317' title='bbox 1052 3485 1100 3533; x_wconf 85' lang='lat' dir='ltr'><strong>sed</strong></span> <span class='ocrx_word' id='word_1_318' title='bbox 1123 3488 1253 3546; x_wconf 65' lang='lat' dir='ltr'><strong>omisisse,</strong></span> 
     </span>
     <span class='ocr_line' id='line_1_38' title="bbox 190 3547 1255 3614; baseline 0 -15"><span class='ocrx_word' id='word_1_319' title='bbox 190 3565 221 3600; x_wconf 88' lang='lat' dir='ltr'><strong>au</strong></span> <span class='ocrx_word' id='word_1_320' title='bbox 254 3551 299 3600; x_wconf 84' lang='lat' dir='ltr'><strong>dus</strong></span> <span class='ocrx_word' id='word_1_321' title='bbox 329 3549 441 3614; x_wconf 88' lang='lat' dir='ltr'><strong>Concept</strong></span> <span class='ocrx_word' id='word_1_322' title='bbox 471 3548 562 3598; x_wconf 85' lang='lat' dir='ltr'><strong>blndeu</strong></span> <span class='ocrx_word' id='word_1_323' title='bbox 594 3550 694 3612; x_wconf 82' lang='lat' dir='ltr'><strong>mlisse3</strong></span> <span class='ocrx_word' id='word_1_324' title='bbox 747 3553 1057 3614; x_wconf 82' lang='lat' dir='ltr'><strong>quicposrimusetiam</strong></span> <span class='ocrx_word' id='word_1_325' title='bbox 1079 3547 1255 3601; x_wconf 75' lang='lat' dir='ltr'><strong>s&#39;ineu&#39;sui&#39;n-</strong></span> 
     </span>
     <span class='ocr_line' id='line_1_39' title="bbox 189 3615 1252 3684; baseline 0 -18"><span class='ocrx_word' id='word_1_326' title='bbox 189 3619 241 3681; x_wconf 81' lang='lat' dir='ltr'><strong>vgl.</strong></span> <span class='ocrx_word' id='word_1_327' title='bbox 258 3619 282 3682; x_wconf 66' lang='grc' dir='ltr'><strong>ξ.</strong></span> <span class='ocrx_word' id='word_1_328' title='bbox 299 3620 340 3669; x_wconf 83' lang='lat'><strong>30.</strong></span> <span class='ocrx_word' id='word_1_329' title='bbox 355 3617 404 3683; x_wconf 89' lang='lat' dir='ltr'><strong>Vl,</strong></span> <span class='ocrx_word' id='word_1_330' title='bbox 421 3621 451 3682; x_wconf 91' lang='lat' dir='ltr'><strong>l,</strong></span> <span class='ocrx_word' id='word_1_331' title='bbox 470 3617 516 3667; x_wconf 72' lang='lat'><strong>422</strong></span> <span class='ocrx_word' id='word_1_332' title='bbox 544 3618 695 3684; x_wconf 80' lang='lat' dir='ltr'><strong>quiuctilo</strong></span> <span class='ocrx_word' id='word_1_333' title='bbox 747 3631 861 3666; x_wconf 72' lang='lat' dir='ltr'><strong>oenc-</strong></span> <span class='ocrx_word' id='word_1_334' title='bbox 882 3615 1029 3682; x_wconf 80' lang='lat' dir='ltr'><strong>Quisquam</strong></span> <span class='ocrx_word' id='word_1_335' title='bbox 1050 3619 1172 3682; x_wconf 77' lang='lat' dir='ltr'><strong>adjectiv.</strong></span> <span class='ocrx_word' id='word_1_336' title='bbox 1194 3617 1252 3682; x_wconf 82' lang='lat' dir='ltr'><strong>Vgl.</strong></span> 
     </span>
     <span class='ocr_line' id='line_1_40' title="bbox 189 3682 1255 3754; baseline 0.003 -20"><span class='ocrx_word' id='word_1_337' title='bbox 189 3701 242 3736; x_wconf 84' lang='lat' dir='ltr'><strong>nou</strong></span> <span class='ocrx_word' id='word_1_338' title='bbox 260 3688 393 3738; x_wconf 81' lang='lat' dir='ltr'><strong>recedunt</strong></span> <span class='ocrx_word' id='word_1_339' title='bbox 411 3690 484 3754; x_wconf 86' lang='lat' dir='ltr'><strong>(opp.</strong></span> <span class='ocrx_word' id='word_1_340' title='bbox 501 3688 598 3753; x_wconf 77' lang='lat' dir='ltr'><strong>quibus</strong></span> <span class='ocrx_word' id='word_1_341' title='bbox 611 3689 696 3736; x_wconf 79' lang='lat' dir='ltr'><strong>octio-</strong></span> <span class='ocrx_word' id='word_1_342' title='bbox 748 3687 773 3749; x_wconf 73' lang='lat'><strong>2,</strong></span> <span class='ocrx_word' id='word_1_343' title='bbox 788 3685 813 3735; x_wconf 89' lang='grc'><strong>6.</strong></span> <span class='ocrx_word' id='word_1_344' title='bbox 824 3711 858 3720; x_wconf 89' lang='lat'>-</span> <span class='ocrx_word' id='word_1_345' title='bbox 871 3682 937 3734; x_wconf 90' lang='lat' dir='ltr'><strong>Wer</strong></span> <span class='ocrx_word' id='word_1_346' title='bbox 949 3699 980 3734; x_wconf 86' lang='lat' dir='ltr'><strong>an</strong></span> <span class='ocrx_word' id='word_1_347' title='bbox 995 3686 1040 3734; x_wconf 88' lang='lat' dir='ltr'><strong>der</strong></span> <span class='ocrx_word' id='word_1_348' title='bbox 1053 3686 1133 3735; x_wconf 87' lang='lat' dir='ltr'><strong>oaben</strong></span> <span class='ocrx_word' id='word_1_349' title='bbox 1147 3686 1255 3737; x_wconf 86' lang='lat' dir='ltr'><strong>Verbin-</strong></span> 
     </span>
    </p>

    <p class='ocr_par' dir='ltr' id='par_1_8' title="bbox 76 3749 1255 3958">
     <span class='ocr_line' id='line_1_41' title="bbox 76 3749 1255 3821; baseline 0.002 -17"><span class='ocrx_word' id='word_1_350' title='bbox 76 3749 83 3762; x_wconf 89' lang='lat'><em>&#39;</em></span> <span class='ocrx_word' id='word_1_351' title='bbox 190 3769 249 3804; x_wconf 75' lang='lat' dir='ltr'><strong>uerae</strong></span> <span class='ocrx_word' id='word_1_352' title='bbox 262 3757 553 3821; x_wconf 72' lang='lat' dir='ltr'><strong>mutonesocilecst),</strong></span> <span class='ocrx_word' id='word_1_353' title='bbox 574 3761 697 3807; x_wconf 81' lang='lat' dir='ltr'><strong>autcon-</strong></span> <span class='ocrx_word' id='word_1_354' title='bbox 748 3755 1017 3818; x_wconf 77' lang='lat' dir='ltr'><strong>tungvonorauuu.</strong></span> <span class='ocrx_word' id='word_1_355' title='bbox 1036 3755 1255 3808; x_wconf 79' lang='lat' dir='ltr'><strong>oratordnstoss</strong></span> 
     </span>
     <span class='ocr_line' id='line_1_42' title="bbox 192 3819 1251 3889; baseline -0.004 -15"><span class='ocrx_word' id='word_1_356' title='bbox 192 3825 325 3874; x_wconf 82' lang='lat' dir='ltr'><strong>ticescunt</strong></span> <span class='ocrx_word' id='word_1_357' title='bbox 341 3824 379 3872; x_wconf 87' lang='lat' dir='ltr'><strong>cd</strong></span> <span class='ocrx_word' id='word_1_358' title='bbox 402 3827 451 3876; x_wconf 77' lang='lat' dir='ltr'><strong>laos</strong></span> <span class='ocrx_word' id='word_1_359' title='bbox 471 3841 550 3876; x_wconf 82' lang='lat' dir='ltr'><strong>ocsus</strong></span> <span class='ocrx_word' id='word_1_360' title='bbox 568 3831 620 3875; x_wconf 74' lang='lat' dir='ltr'><strong>cort</strong></span> <span class='ocrx_word' id='word_1_361' title='bbox 635 3826 697 3889; x_wconf 80' lang='lat' dir='ltr'><strong>Jre·</strong></span> <span class='ocrx_word' id='word_1_362' title='bbox 748 3825 844 3886; x_wconf 89' lang='lat' dir='ltr'><strong>nimmt,</strong></span> <span class='ocrx_word' id='word_1_363' title='bbox 856 3821 907 3886; x_wconf 76' lang='lat' dir='ltr'><strong>vgl.</strong></span> <span class='ocrx_word' id='word_1_364' title='bbox 923 3819 947 3885; x_wconf 72' lang='grc' dir='ltr'><strong>ξ.</strong></span> <span class='ocrx_word' id='word_1_365' title='bbox 964 3821 988 3870; x_wconf 92' lang='grc'><strong>6.</strong></span> <span class='ocrx_word' id='word_1_366' title='bbox 1000 3821 1043 3873; x_wconf 79' lang='grc'><strong>23.</strong></span> <span class='ocrx_word' id='word_1_367' title='bbox 1246 3823 1251 3831; x_wconf 92' lang='grc'><strong>”</strong></span> 
     </span>
     <span class='ocr_line' id='line_1_43' title="bbox 192 3892 698 3958; baseline 0 -17"><span class='ocrx_word' id='word_1_368' title='bbox 192 3892 454 3958; x_wconf 79' lang='lat' dir='ltr'><strong>quentlesimesalcc</strong></span> <span class='ocrx_word' id='word_1_369' title='bbox 472 3895 585 3952; x_wconf 81' lang='lat' dir='ltr'><strong>dicuut,·</strong></span> <span class='ocrx_word' id='word_1_370' title='bbox 607 3894 698 3943; x_wconf 90' lang='lat' dir='ltr'><strong>beson-</strong></span> 
     </span>
    </p>

    <p class='ocr_par' dir='ltr' id='par_1_9' title="bbox 127 3955 1252 4096">
     <span class='ocr_line' id='line_1_44' title="bbox 127 3955 697 4028; baseline 0 -18"><span class='ocrx_word' id='word_1_371' title='bbox 127 4021 130 4028; x_wconf 88' lang='lat'>.</span> <span class='ocrx_word' id='word_1_372' title='bbox 191 3963 249 4011; x_wconf 88' lang='lat' dir='ltr'><strong>ders</strong></span> <span class='ocrx_word' id='word_1_373' title='bbox 263 3959 324 4010; x_wconf 85' lang='lat' dir='ltr'><strong>aber</strong></span> <span class='ocrx_word' id='word_1_374' title='bbox 341 3955 404 4021; x_wconf 88' lang='lat' dir='ltr'><strong>Xll,</strong></span> <span class='ocrx_word' id='word_1_375' title='bbox 425 3975 447 4009; x_wconf 85' lang='lat' dir='ltr'><strong>o.</strong></span> <span class='ocrx_word' id='word_1_376' title='bbox 464 3962 479 4010; x_wconf 87' lang='lat'>9</span> <span class='ocrx_word' id='word_1_377' title='bbox 503 3963 577 4027; x_wconf 82' lang='lat' dir='ltr'><strong>Quoe</strong></span> <span class='ocrx_word' id='word_1_378' title='bbox 594 3966 651 4012; x_wconf 76' lang='lat' dir='ltr'><strong>sint</strong></span> <span class='ocrx_word' id='word_1_379' title='bbox 669 3965 697 4010; x_wconf 83' lang='lat' dir='ltr'><strong>in</strong></span> 
     </span>
     <span class='ocr_line' id='line_1_45' title="bbox 192 4027 1252 4096; baseline -0.003 -15"><span class='ocrx_word' id='word_1_380' title='bbox 192 4029 295 4096; x_wconf 54' lang='lat' dir='ltr'><strong>qundo</strong></span> <span class='ocrx_word' id='word_1_381' title='bbox 308 4027 448 4092; x_wconf 82' lang='lat' dir='ltr'><strong>servando,</strong></span> <span class='ocrx_word' id='word_1_382' title='bbox 464 4030 529 4080; x_wconf 86' lang='lat' dir='ltr'><strong>auch</strong></span> <span class='ocrx_word' id='word_1_383' title='bbox 543 4028 577 4094; x_wconf 88' lang='lat' dir='ltr'><strong>X,</strong></span> <span class='ocrx_word' id='word_1_384' title='bbox 594 4031 617 4092; x_wconf 92' lang='lat' dir='ltr'><strong>l,</strong></span> <span class='ocrx_word' id='word_1_385' title='bbox 632 4031 655 4082; x_wconf 84' lang='lat'><strong>2.</strong></span> <span class='ocrx_word' id='word_1_386' title='bbox 673 4030 696 4089; x_wconf 86' lang='lat'><strong>3,</strong></span> <span class='ocrx_word' id='word_1_387' title='bbox 786 4029 810 4079; x_wconf 88' lang='lat'><strong>5.</strong></span> <span class='ocrx_word' id='word_1_388' title='bbox 832 4041 987 4094; x_wconf 83' lang='lat' dir='ltr'><strong>quanquam</strong></span> <span class='ocrx_word' id='word_1_389' title='bbox 1000 4055 1024 4066; x_wconf 89' lang='lat'><em>-</em></span> <span class='ocrx_word' id='word_1_390' title='bbox 1038 4033 1104 4081; x_wconf 81' lang='lat' dir='ltr'><strong>rint.</strong></span> <span class='ocrx_word' id='word_1_391' title='bbox 1119 4027 1252 4092; x_wconf 82' lang='lat' dir='ltr'><strong>DerCouj.</strong></span> 
     </span>
    </p>
   </div>
   <div class='ocr_carea' id='block_1_4' title="bbox 784 3923 1225 3992">
    <p class='ocr_par' dir='ltr' id='par_1_10' title="bbox 784 3923 1225 3992">
     <span class='ocr_line' id='line_1_46' title="bbox 784 3923 1225 3992; baseline 0 -16"><span class='ocrx_word' id='word_1_392' title='bbox 784 3925 865 3976; x_wconf 87' lang='lat' dir='ltr'><strong>od-</strong></span> <span class='ocrx_word' id='word_1_393' title='bbox 876 3923 1009 3975; x_wconf 71' lang='lat' dir='ltr'><strong>mentando</strong></span> <span class='ocrx_word' id='word_1_394' title='bbox 1024 3931 1073 3988; x_wconf 79' lang='lat' dir='ltr'><strong>est.</strong></span> <span class='ocrx_word' id='word_1_395' title='bbox 1087 3925 1145 3992; x_wconf 83' lang='lat' dir='ltr'><strong>Vgl.</strong></span> <span class='ocrx_word' id='word_1_396' title='bbox 1161 3929 1185 3990; x_wconf 85' lang='lat'><strong>2,</strong></span> <span class='ocrx_word' id='word_1_397' title='bbox 1203 3929 1225 3976; x_wconf 83' lang='lat' dir='ltr'><strong>l.</strong></span> 
     </span>
    </p>
   </div>
   <div class='ocr_carea' id='block_1_5' title="bbox 0 0 1405 4748">
    <p class='ocr_par' dir='ltr' id='par_1_11' title="bbox 0 0 1405 4748">
     <span class='ocr_line' id='line_1_47' title="bbox 0 0 1405 4748; baseline 0 0"><span class='ocrx_word' id='word_1_398' title='bbox 0 0 1405 4748; x_wconf 95' lang='lat' dir='ltr'><strong> </strong></span> 
     </span>
    </p>
   </div>
  </div>
 </body>
</html>
