<?xml version="1.0" encoding="UTF-8"?>
<!DOCTYPE html PUBLIC "-//W3C//DTD XHTML 1.0 Transitional//EN"
    "http://www.w3.org/TR/xhtml1/DTD/xhtml1-transitional.dtd">
<html xmlns="http://www.w3.org/1999/xhtml" xml:lang="en" lang="en">
 <head>
  <title>
</title>
<meta http-equiv="Content-Type" content="text/html;charset=utf-8" />
  <meta name='ocr-system' content='tesseract 3.04.00' />
  <meta name='ocr-capabilities' content='ocr_page ocr_carea ocr_par ocr_line ocrx_word'/>
</head>
<body>
  <div class='ocr_page' id='page_1' title='image "./mfabiiquintilia07bonngoog_0093.png"; bbox 0 0 2800 4748; ppageno 0'>
   <div class='ocr_carea' id='block_1_1' title="bbox 206 375 902 456">
    <p class='ocr_par' dir='ltr' id='par_1_1' title="bbox 206 375 902 456">
     <span class='ocr_line' id='line_1_1' title="bbox 206 375 902 456; baseline -0.009 -9"><span class='ocrx_word' id='word_1_1' title='bbox 206 375 247 436; x_wconf 86' lang='grc'><strong>64</strong></span> <span class='ocrx_word' id='word_1_2' title='bbox 561 389 902 456; x_wconf 67' lang='lat' dir='ltr'><strong>cucurutium-se.</strong></span> 
     </span>
    </p>
   </div>
   <div class='ocr_carea' id='block_1_2' title="bbox 157 541 1359 2412">
    <p class='ocr_par' dir='ltr' id='par_1_2' title="bbox 208 541 1359 881">
     <span class='ocr_line' id='line_1_2' title="bbox 209 541 1359 649; baseline 0.003 -43"><span class='ocrx_word' id='word_1_3' title='bbox 209 553 241 606; x_wconf 92' lang='lat' dir='ltr'><strong>ut</strong></span> <span class='ocrx_word' id='word_1_4' title='bbox 263 543 402 649; x_wconf 84' lang='lat' dir='ltr'><strong>exposita</strong></span> <span class='ocrx_word' id='word_1_5' title='bbox 424 545 631 608; x_wconf 85' lang='lat' dir='ltr'><strong>controversia</strong></span> <span class='ocrx_word' id='word_1_6' title='bbox 654 543 788 626; x_wconf 90' lang='lat' dir='ltr'><strong>protinus</strong></span> <span class='ocrx_word' id='word_1_7' title='bbox 811 542 910 606; x_wconf 89' lang='lat' dir='ltr'><strong>dicere</strong></span> <span class='ocrx_word' id='word_1_8' title='bbox 934 541 1047 620; x_wconf 78' lang='lat' dir='ltr'><strong>veliut3</strong></span> <span class='ocrx_word' id='word_1_9' title='bbox 1076 543 1146 626; x_wconf 88' lang='lat' dir='ltr'><strong>quin</strong></span> <span class='ocrx_word' id='word_1_10' title='bbox 1168 547 1266 616; x_wconf 81' lang='lat' dir='ltr'><strong>etiam,</strong></span> <span class='ocrx_word' id='word_1_11' title='bbox 1358 543 1359 548; x_wconf 66' lang='grc'>’</span> 
     </span>
     <span class='ocr_line' id='line_1_3' title="bbox 209 627 1267 712; baseline 0.001 -20"><span class='ocrx_word' id='word_1_12' title='bbox 209 630 288 711; x_wconf 92' lang='lat' dir='ltr'><strong>quod</strong></span> <span class='ocrx_word' id='word_1_13' title='bbox 303 639 349 692; x_wconf 88' lang='lat' dir='ltr'><strong>est</strong></span> <span class='ocrx_word' id='word_1_14' title='bbox 364 629 396 696; x_wconf 88' lang='lat' dir='ltr'><strong>iu</strong></span> <span class='ocrx_word' id='word_1_15' title='bbox 413 630 517 712; x_wconf 82' lang='lat' dir='ltr'><strong>primis</strong></span> <span class='ocrx_word' id='word_1_16' title='bbox 532 629 671 692; x_wconf 81' lang='lat' dir='ltr'><strong>frivolum</strong></span> <span class='ocrx_word' id='word_1_17' title='bbox 688 628 908 704; x_wconf 70' lang='lat' dir='ltr'><strong>nosocomum,</strong></span> <span class='ocrx_word' id='word_1_18' title='bbox 927 627 1052 694; x_wconf 85' lang='lat' dir='ltr'><strong>verbum</strong></span> <span class='ocrx_word' id='word_1_19' title='bbox 1068 639 1188 711; x_wconf 88' lang='lat' dir='ltr'><strong>petant,</strong></span> <span class='ocrx_word' id='word_1_20' title='bbox 1213 651 1267 710; x_wconf 90' lang='lat' dir='ltr'><strong>quo</strong></span> 
     </span>
     <span class='ocr_line' id='line_1_4' title="bbox 208 713 1267 798; baseline 0.002 -22"><span class='ocrx_word' id='word_1_21' title='bbox 208 714 365 798; x_wconf 87' lang='lat' dir='ltr'><strong>incipiant.</strong></span> <span class='ocrx_word' id='word_1_22' title='bbox 398 715 456 778; x_wconf 88' lang='lat' dir='ltr'><strong>Sed</strong></span> <span class='ocrx_word' id='word_1_23' title='bbox 472 725 531 776; x_wconf 80' lang='lat' dir='ltr'><strong>taor</strong></span> <span class='ocrx_word' id='word_1_24' title='bbox 547 713 779 778; x_wconf 84' lang='lat' dir='ltr'><strong>contumeliosos</strong></span> <span class='ocrx_word' id='word_1_25' title='bbox 795 713 825 778; x_wconf 90' lang='lat' dir='ltr'><strong>in</strong></span> <span class='ocrx_word' id='word_1_26' title='bbox 842 734 874 777; x_wconf 92' lang='lat' dir='ltr'><strong>se</strong></span> <span class='ocrx_word' id='word_1_27' title='bbox 890 713 969 776; x_wconf 89' lang='lat' dir='ltr'><strong>ridet</strong></span> <span class='ocrx_word' id='word_1_28' title='bbox 984 713 1112 777; x_wconf 70' lang='lat' dir='ltr'><strong>invice·</strong></span> <span class='ocrx_word' id='word_1_29' title='bbox 1129 715 1267 796; x_wconf 87' lang='lat' dir='ltr'><strong>eloquen-</strong></span> 
     </span>
     <span class='ocr_line' id='line_1_5' title="bbox 208 797 1268 881; baseline 0.001 -20"><span class='ocrx_word' id='word_1_30' title='bbox 208 800 269 877; x_wconf 90' lang='lat' dir='ltr'><strong>tia,</strong></span> <span class='ocrx_word' id='word_1_31' title='bbox 288 810 319 862; x_wconf 88' lang='lat' dir='ltr'><strong>et</strong></span> <span class='ocrx_word' id='word_1_32' title='bbox 333 801 382 881; x_wconf 71' lang='lat' dir='ltr'><strong>qui</strong></span> <span class='ocrx_word' id='word_1_33' title='bbox 399 798 500 864; x_wconf 86' lang='lat' dir='ltr'><strong>stultis</strong></span> <span class='ocrx_word' id='word_1_34' title='bbox 515 797 613 862; x_wconf 88' lang='lat' dir='ltr'><strong>videri</strong></span> <span class='ocrx_word' id='word_1_35' title='bbox 629 799 736 864; x_wconf 86' lang='lat' dir='ltr'><strong>eruditi</strong></span> <span class='ocrx_word' id='word_1_36' title='bbox 752 799 876 875; x_wconf 86' lang='lat' dir='ltr'><strong>volunt,</strong></span> <span class='ocrx_word' id='word_1_37' title='bbox 895 799 979 864; x_wconf 86' lang='lat' dir='ltr'><strong>stulti</strong></span> <span class='ocrx_word' id='word_1_38' title='bbox 996 800 1121 864; x_wconf 87' lang='lat' dir='ltr'><strong>eruditis</strong></span> <span class='ocrx_word' id='word_1_39' title='bbox 1136 798 1268 862; x_wconf 83' lang='lat' dir='ltr'><strong>iudicau-</strong></span> 
     </span>
    </p>

    <p class='ocr_par' dir='ltr' id='par_1_3' title="bbox 159 883 1359 1308">
     <span class='ocr_line' id='line_1_6' title="bbox 159 883 1359 970; baseline 0.005 -26"><span class='ocrx_word' id='word_1_40' title='bbox 159 895 191 944; x_wconf 83' lang='lat'><strong>22</strong></span> <span class='ocrx_word' id='word_1_41' title='bbox 208 894 267 950; x_wconf 87' lang='lat' dir='ltr'><strong>tur.</strong></span> <span class='ocrx_word' id='word_1_42' title='bbox 300 883 332 947; x_wconf 93' lang='lat' dir='ltr'><strong>Si</strong></span> <span class='ocrx_word' id='word_1_43' title='bbox 348 905 407 965; x_wconf 86' lang='lat' dir='ltr'><strong>qua</strong></span> <span class='ocrx_word' id='word_1_44' title='bbox 422 894 523 950; x_wconf 83' lang='lat' dir='ltr'><strong>tamen</strong></span> <span class='ocrx_word' id='word_1_45' title='bbox 537 885 657 950; x_wconf 80' lang='lat' dir='ltr'><strong>fortuna</strong></span> <span class='ocrx_word' id='word_1_46' title='bbox 672 894 733 948; x_wconf 91' lang='lat' dir='ltr'><strong>tam</strong></span> <span class='ocrx_word' id='word_1_47' title='bbox 750 884 878 952; x_wconf 84' lang='lat' dir='ltr'><strong>subitam</strong></span> <span class='ocrx_word' id='word_1_48' title='bbox 893 887 1000 949; x_wconf 78' lang='lat' dir='ltr'><strong>feeerit</strong></span> <span class='ocrx_word' id='word_1_49' title='bbox 1015 885 1123 970; x_wconf 76' lang='lat' dir='ltr'><strong>agendi</strong></span> <span class='ocrx_word' id='word_1_50' title='bbox 1141 886 1270 950; x_wconf 88' lang='lat' dir='ltr'><strong>necessi·</strong></span> <span class='ocrx_word' id='word_1_51' title='bbox 1358 951 1359 956; x_wconf 66' lang='grc'>,</span> 
     </span>
     <span class='ocr_line' id='line_1_7' title="bbox 208 967 1269 1054; baseline 0 -22"><span class='ocrx_word' id='word_1_52' title='bbox 208 979 318 1032; x_wconf 87' lang='lat' dir='ltr'><strong>tatem:</strong></span> <span class='ocrx_word' id='word_1_53' title='bbox 337 967 626 1051; x_wconf 86' lang='lat' dir='ltr'><strong>mobiliorequodam</strong></span> <span class='ocrx_word' id='word_1_54' title='bbox 635 991 709 1054; x_wconf 88' lang='lat' dir='ltr'><strong>opus</strong></span> <span class='ocrx_word' id='word_1_55' title='bbox 726 971 784 1034; x_wconf 89' lang='lat' dir='ltr'><strong>crit</strong></span> <span class='ocrx_word' id='word_1_56' title='bbox 799 971 932 1053; x_wconf 86' lang='lat' dir='ltr'><strong>ingenio,</strong></span> <span class='ocrx_word' id='word_1_57' title='bbox 951 981 981 1034; x_wconf 88' lang='lat' dir='ltr'><strong>et</strong></span> <span class='ocrx_word' id='word_1_58' title='bbox 997 970 1044 1036; x_wconf 91' lang='lat' dir='ltr'><strong>vis</strong></span> <span class='ocrx_word' id='word_1_59' title='bbox 1060 970 1158 1034; x_wconf 89' lang='lat' dir='ltr'><strong>omnis</strong></span> <span class='ocrx_word' id='word_1_60' title='bbox 1173 973 1269 1035; x_wconf 87' lang='lat' dir='ltr'><strong>inten-</strong></span> 
     </span>
     <span class='ocr_line' id='line_1_8' title="bbox 208 1053 1270 1138; baseline 0 -20"><span class='ocrx_word' id='word_1_61' title='bbox 208 1053 304 1118; x_wconf 83' lang='lat' dir='ltr'><strong>denda</strong></span> <span class='ocrx_word' id='word_1_62' title='bbox 320 1053 412 1120; x_wconf 85' lang='lat' dir='ltr'><strong>rebus</strong></span> <span class='ocrx_word' id='word_1_63' title='bbox 427 1064 457 1116; x_wconf 91' lang='lat' dir='ltr'><strong>et</strong></span> <span class='ocrx_word' id='word_1_64' title='bbox 472 1054 505 1118; x_wconf 89' lang='lat' dir='ltr'><strong>iu</strong></span> <span class='ocrx_word' id='word_1_65' title='bbox 520 1055 689 1138; x_wconf 86' lang='lat' dir='ltr'><strong>praesentia</strong></span> <span class='ocrx_word' id='word_1_66' title='bbox 703 1055 916 1124; x_wconf 86' lang='lat' dir='ltr'><strong>remittendum</strong></span> <span class='ocrx_word' id='word_1_67' title='bbox 932 1056 1043 1138; x_wconf 86' lang='lat' dir='ltr'><strong>aliquid</strong></span> <span class='ocrx_word' id='word_1_68' title='bbox 1059 1077 1100 1122; x_wconf 78' lang='lat' dir='ltr'><strong>ex</strong></span> <span class='ocrx_word' id='word_1_69' title='bbox 1115 1078 1187 1120; x_wconf 90' lang='lat' dir='ltr'><strong>cura</strong></span> <span class='ocrx_word' id='word_1_70' title='bbox 1202 1077 1270 1119; x_wconf 89' lang='lat' dir='ltr'><strong>ver-</strong></span> 
     </span>
     <span class='ocr_line' id='line_1_9' title="bbox 207 1138 1270 1223; baseline 0.002 -22"><span class='ocrx_word' id='word_1_71' title='bbox 207 1138 331 1212; x_wconf 86' lang='lat' dir='ltr'><strong>borum,</strong></span> <span class='ocrx_word' id='word_1_72' title='bbox 356 1140 384 1204; x_wconf 87' lang='lat' dir='ltr'><strong>si</strong></span> <span class='ocrx_word' id='word_1_73' title='bbox 404 1140 548 1223; x_wconf 80' lang='lat' dir='ltr'><strong>consequi</strong></span> <span class='ocrx_word' id='word_1_74' title='bbox 571 1151 730 1222; x_wconf 86' lang='lat' dir='ltr'><strong>utrumque</strong></span> <span class='ocrx_word' id='word_1_75' title='bbox 754 1161 815 1202; x_wconf 92' lang='lat' dir='ltr'><strong>non</strong></span> <span class='ocrx_word' id='word_1_76' title='bbox 838 1141 966 1204; x_wconf 88' lang='lat' dir='ltr'><strong>dabitur.</strong></span> <span class='ocrx_word' id='word_1_77' title='bbox 1007 1141 1136 1211; x_wconf 84' lang='lat' dir='ltr'><strong>Tumet</strong></span> <span class='ocrx_word' id='word_1_78' title='bbox 1158 1142 1270 1204; x_wconf 77' lang='lat' dir='ltr'><strong>tardior</strong></span> 
     </span>
     <span class='ocr_line' id='line_1_10' title="bbox 207 1223 1266 1308; baseline -0.002 -20"><span class='ocrx_word' id='word_1_79' title='bbox 207 1225 412 1308; x_wconf 71' lang='lat' dir='ltr'><strong>pronuntiatio</strong></span> <span class='ocrx_word' id='word_1_80' title='bbox 429 1247 528 1294; x_wconf 80' lang='lat' dir='ltr'><strong>moras</strong></span> <span class='ocrx_word' id='word_1_81' title='bbox 544 1225 633 1290; x_wconf 86' lang='lat' dir='ltr'><strong>habet</strong></span> <span class='ocrx_word' id='word_1_82' title='bbox 648 1237 678 1288; x_wconf 90' lang='lat' dir='ltr'><strong>et</strong></span> <span class='ocrx_word' id='word_1_83' title='bbox 693 1243 839 1308; x_wconf 84' lang='lat' dir='ltr'><strong>suspensa</strong></span> <span class='ocrx_word' id='word_1_84' title='bbox 854 1245 888 1286; x_wconf 88' lang='lat' dir='ltr'><strong>ac</strong></span> <span class='ocrx_word' id='word_1_85' title='bbox 904 1223 988 1288; x_wconf 87' lang='lat' dir='ltr'><strong>velut</strong></span> <span class='ocrx_word' id='word_1_86' title='bbox 1004 1224 1143 1288; x_wconf 88' lang='lat' dir='ltr'><strong>dubitans</strong></span> <span class='ocrx_word' id='word_1_87' title='bbox 1159 1227 1266 1296; x_wconf 84' lang='lat' dir='ltr'><strong>oratio,</strong></span> 
     </span>
    </p>

    <p class='ocr_par' dir='ltr' id='par_1_4' title="bbox 158 1307 1359 1811">
     <span class='ocr_line' id='line_1_11' title="bbox 158 1307 1359 1391; baseline -0.002 -17"><span class='ocrx_word' id='word_1_88' title='bbox 158 1318 191 1368; x_wconf 85' lang='lat'><strong>23</strong></span> <span class='ocrx_word' id='word_1_89' title='bbox 208 1322 242 1374; x_wconf 91' lang='lat' dir='ltr'><strong>ut</strong></span> <span class='ocrx_word' id='word_1_90' title='bbox 256 1322 356 1376; x_wconf 88' lang='lat' dir='ltr'><strong>tamen</strong></span> <span class='ocrx_word' id='word_1_91' title='bbox 372 1311 538 1377; x_wconf 86' lang='lat' dir='ltr'><strong>deliberare</strong></span> <span class='ocrx_word' id='word_1_92' title='bbox 555 1333 615 1378; x_wconf 89' lang='lat' dir='ltr'><strong>non</strong></span> <span class='ocrx_word' id='word_1_93' title='bbox 631 1310 781 1374; x_wconf 74' lang='lat' dir='ltr'><strong>haesitare</strong></span> <span class='ocrx_word' id='word_1_94' title='bbox 797 1308 962 1374; x_wconf 89' lang='lat' dir='ltr'><strong>videamur.</strong></span> <span class='ocrx_word' id='word_1_95' title='bbox 994 1307 1075 1384; x_wconf 86' lang='lat' dir='ltr'><strong>Hoc,</strong></span> <span class='ocrx_word' id='word_1_96' title='bbox 1101 1309 1169 1372; x_wconf 91' lang='lat' dir='ltr'><strong>dum</strong></span> <span class='ocrx_word' id='word_1_97' title='bbox 1186 1329 1270 1391; x_wconf 85' lang='lat' dir='ltr'><strong>egre·</strong></span> <span class='ocrx_word' id='word_1_98' title='bbox 1358 1323 1359 1378; x_wconf 81' lang='lat' dir='ltr'><strong>t</strong></span> 
     </span>
     <span class='ocr_line' id='line_1_12' title="bbox 205 1393 1273 1479; baseline -0.008 -16"><span class='ocrx_word' id='word_1_99' title='bbox 205 1396 304 1464; x_wconf 88' lang='lat' dir='ltr'><strong>dimur</strong></span> <span class='ocrx_word' id='word_1_100' title='bbox 324 1407 462 1479; x_wconf 86' lang='lat' dir='ltr'><strong>eportu,</strong></span> <span class='ocrx_word' id='word_1_101' title='bbox 487 1397 513 1459; x_wconf 93' lang='lat' dir='ltr'><strong>si</strong></span> <span class='ocrx_word' id='word_1_102' title='bbox 533 1418 588 1460; x_wconf 89' lang='lat' dir='ltr'><strong>uos</strong></span> <span class='ocrx_word' id='word_1_103' title='bbox 612 1395 741 1460; x_wconf 87' lang='lat' dir='ltr'><strong>noudum</strong></span> <span class='ocrx_word' id='word_1_104' title='bbox 764 1394 871 1477; x_wconf 86' lang='lat' dir='ltr'><strong>aptatis</strong></span> <span class='ocrx_word' id='word_1_105' title='bbox 893 1393 968 1458; x_wconf 85' lang='lat' dir='ltr'><strong>satis</strong></span> <span class='ocrx_word' id='word_1_106' title='bbox 990 1394 1183 1460; x_wconf 77' lang='lat' dir='ltr'><strong>armamentis</strong></span> <span class='ocrx_word' id='word_1_107' title='bbox 1204 1405 1273 1476; x_wconf 86' lang='lat' dir='ltr'><strong>aget</strong></span> 
     </span>
     <span class='ocr_line' id='line_1_13' title="bbox 208 1477 1272 1563; baseline -0.003 -21"><span class='ocrx_word' id='word_1_108' title='bbox 208 1491 336 1558; x_wconf 68' lang='lat' dir='ltr'><strong>ventosa</strong></span> <span class='ocrx_word' id='word_1_109' title='bbox 356 1480 463 1544; x_wconf 87' lang='lat' dir='ltr'><strong>deinde</strong></span> <span class='ocrx_word' id='word_1_110' title='bbox 476 1480 618 1563; x_wconf 82' lang='lat' dir='ltr'><strong>paulatim</strong></span> <span class='ocrx_word' id='word_1_111' title='bbox 634 1478 723 1548; x_wconf 85' lang='lat' dir='ltr'><strong>simul</strong></span> <span class='ocrx_word' id='word_1_112' title='bbox 739 1490 845 1545; x_wconf 88' lang='lat' dir='ltr'><strong>euntes</strong></span> <span class='ocrx_word' id='word_1_113' title='bbox 862 1478 1028 1560; x_wconf 86' lang='lat' dir='ltr'><strong>aptabimus</strong></span> <span class='ocrx_word' id='word_1_114' title='bbox 1045 1477 1112 1540; x_wconf 90' lang='lat' dir='ltr'><strong>vela</strong></span> <span class='ocrx_word' id='word_1_115' title='bbox 1128 1489 1158 1540; x_wconf 87' lang='lat' dir='ltr'><strong>et</strong></span> <span class='ocrx_word' id='word_1_116' title='bbox 1173 1479 1272 1561; x_wconf 91' lang='lat' dir='ltr'><strong>dispo-</strong></span> 
     </span>
     <span class='ocr_line' id='line_1_14' title="bbox 208 1563 1271 1648; baseline -0.004 -18"><span class='ocrx_word' id='word_1_117' title='bbox 208 1585 312 1630; x_wconf 85' lang='lat' dir='ltr'><strong>nemus</strong></span> <span class='ocrx_word' id='word_1_118' title='bbox 328 1565 469 1628; x_wconf 89' lang='lat' dir='ltr'><strong>rudentes</strong></span> <span class='ocrx_word' id='word_1_119' title='bbox 491 1575 522 1628; x_wconf 90' lang='lat' dir='ltr'><strong>et</strong></span> <span class='ocrx_word' id='word_1_120' title='bbox 543 1564 658 1648; x_wconf 90' lang='lat' dir='ltr'><strong>impleri</strong></span> <span class='ocrx_word' id='word_1_121' title='bbox 676 1565 759 1630; x_wconf 79' lang='lat' dir='ltr'><strong>sinus</strong></span> <span class='ocrx_word' id='word_1_122' title='bbox 776 1563 955 1648; x_wconf 86' lang='lat' dir='ltr'><strong>optabimus.</strong></span> <span class='ocrx_word' id='word_1_123' title='bbox 995 1563 1026 1626; x_wconf 92' lang='lat' dir='ltr'><strong>ld</strong></span> <span class='ocrx_word' id='word_1_124' title='bbox 1042 1564 1159 1646; x_wconf 91' lang='lat' dir='ltr'><strong>potius,</strong></span> <span class='ocrx_word' id='word_1_125' title='bbox 1185 1585 1271 1646; x_wconf 85' lang='lat' dir='ltr'><strong>quem</strong></span> 
     </span>
     <span class='ocr_line' id='line_1_15' title="bbox 208 1648 1273 1732; baseline 0 -20"><span class='ocrx_word' id='word_1_126' title='bbox 208 1670 241 1712; x_wconf 89' lang='lat' dir='ltr'><strong>se</strong></span> <span class='ocrx_word' id='word_1_127' title='bbox 257 1649 339 1716; x_wconf 81' lang='lat' dir='ltr'><strong>inani</strong></span> <span class='ocrx_word' id='word_1_128' title='bbox 361 1649 523 1714; x_wconf 87' lang='lat' dir='ltr'><strong>verborum</strong></span> <span class='ocrx_word' id='word_1_129' title='bbox 540 1649 668 1714; x_wconf 77' lang='lat' dir='ltr'><strong>torrenti</strong></span> <span class='ocrx_word' id='word_1_130' title='bbox 684 1649 755 1716; x_wconf 86' lang='lat' dir='ltr'><strong>dare</strong></span> <span class='ocrx_word' id='word_1_131' title='bbox 772 1649 856 1732; x_wconf 85' lang='lat' dir='ltr'><strong>quasi</strong></span> <span class='ocrx_word' id='word_1_132' title='bbox 878 1648 1120 1732; x_wconf 83' lang='lat' dir='ltr'><strong>tempestatibus,</strong></span> <span class='ocrx_word' id='word_1_133' title='bbox 1146 1671 1204 1732; x_wconf 92' lang='lat' dir='ltr'><strong>quo</strong></span> <span class='ocrx_word' id='word_1_134' title='bbox 1220 1671 1273 1712; x_wconf 93' lang='lat' dir='ltr'><strong>vo-</strong></span> 
     </span>
     <span class='ocr_line' id='line_1_16' title="bbox 204 1734 502 1811; baseline 0 -15"><span class='ocrx_word' id='word_1_135' title='bbox 204 1734 279 1811; x_wconf 87' lang='lat' dir='ltr'><strong>lent,</strong></span> <span class='ocrx_word' id='word_1_136' title='bbox 298 1734 502 1801; x_wconf 75' lang='lat' dir='ltr'><strong>atdemndum.</strong></span> 
     </span>
    </p>

    <p class='ocr_par' dir='ltr' id='par_1_5' title="bbox 157 1818 1359 2412">
     <span class='ocr_line' id='line_1_17' title="bbox 157 1818 1274 1901; baseline 0 -21"><span class='ocrx_word' id='word_1_137' title='bbox 157 1831 191 1880; x_wconf 84' lang='lat'><strong>24</strong></span> <span class='ocrx_word' id='word_1_138' title='bbox 293 1819 349 1882; x_wconf 85' lang='lat' dir='ltr'><strong>Sed</strong></span> <span class='ocrx_word' id='word_1_139' title='bbox 367 1841 427 1882; x_wconf 88' lang='lat' dir='ltr'><strong>non</strong></span> <span class='ocrx_word' id='word_1_140' title='bbox 444 1818 559 1888; x_wconf 82' lang='lat' dir='ltr'><strong>minore</strong></span> <span class='ocrx_word' id='word_1_141' title='bbox 574 1819 673 1884; x_wconf 87' lang='lat' dir='ltr'><strong>studio</strong></span> <span class='ocrx_word' id='word_1_142' title='bbox 694 1819 865 1882; x_wconf 78' lang='lat' dir='ltr'><strong>continetur</strong></span> <span class='ocrx_word' id='word_1_143' title='bbox 881 1818 953 1882; x_wconf 89' lang='lat' dir='ltr'><strong>baec</strong></span> <span class='ocrx_word' id='word_1_144' title='bbox 977 1818 1101 1883; x_wconf 76' lang='lat' dir='ltr'><strong>tacutms</strong></span> <span class='ocrx_word' id='word_1_145' title='bbox 1118 1839 1204 1900; x_wconf 91' lang='lat' dir='ltr'><strong>quam</strong></span> <span class='ocrx_word' id='word_1_146' title='bbox 1221 1838 1274 1901; x_wconf 89' lang='lat' dir='ltr'><strong>pa·</strong></span> 
     </span>
     <span class='ocr_line' id='line_1_18' title="bbox 207 1902 1275 1987; baseline -0.003 -19"><span class='ocrx_word' id='word_1_147' title='bbox 207 1915 304 1972; x_wconf 83' lang='lat' dir='ltr'><strong>ratur.</strong></span> <span class='ocrx_word' id='word_1_148' title='bbox 335 1903 395 1968; x_wconf 82' lang='lat' dir='ltr'><strong>Ars</strong></span> <span class='ocrx_word' id='word_1_149' title='bbox 411 1905 491 1970; x_wconf 91' lang='lat' dir='ltr'><strong>euim</strong></span> <span class='ocrx_word' id='word_1_150' title='bbox 506 1903 600 1970; x_wconf 86' lang='lat' dir='ltr'><strong>semel</strong></span> <span class='ocrx_word' id='word_1_151' title='bbox 614 1914 753 1987; x_wconf 86' lang='lat' dir='ltr'><strong>percepta</strong></span> <span class='ocrx_word' id='word_1_152' title='bbox 769 1924 830 1968; x_wconf 88' lang='lat' dir='ltr'><strong>uon</strong></span> <span class='ocrx_word' id='word_1_153' title='bbox 845 1902 972 1978; x_wconf 88' lang='lat' dir='ltr'><strong>labitur,</strong></span> <span class='ocrx_word' id='word_1_154' title='bbox 991 1903 1077 1966; x_wconf 85' lang='lat' dir='ltr'><strong>stilus</strong></span> <span class='ocrx_word' id='word_1_155' title='bbox 1094 1923 1211 1986; x_wconf 89' lang='lat' dir='ltr'><strong>quoque</strong></span> <span class='ocrx_word' id='word_1_156' title='bbox 1227 1902 1275 1966; x_wconf 91' lang='lat' dir='ltr'><strong>in·</strong></span> 
     </span>
     <span class='ocr_line' id='line_1_19' title="bbox 211 1987 1276 2073; baseline -0.004 -17"><span class='ocrx_word' id='word_1_157' title='bbox 211 1989 403 2056; x_wconf 84' lang='lat' dir='ltr'><strong>termissiooe</strong></span> <span class='ocrx_word' id='word_1_158' title='bbox 426 1989 577 2073; x_wconf 88' lang='lat' dir='ltr'><strong>paululum</strong></span> <span class='ocrx_word' id='word_1_159' title='bbox 593 1989 751 2054; x_wconf 84' lang='lat' dir='ltr'><strong>admodum</strong></span> <span class='ocrx_word' id='word_1_160' title='bbox 775 1989 810 2052; x_wconf 89' lang='lat' dir='ltr'><strong>de</strong></span> <span class='ocrx_word' id='word_1_161' title='bbox 827 1989 984 2052; x_wconf 86' lang='lat' dir='ltr'><strong>celeritate</strong></span> <span class='ocrx_word' id='word_1_162' title='bbox 999 1987 1152 2070; x_wconf 82' lang='lat' dir='ltr'><strong>deperdit3</strong></span> <span class='ocrx_word' id='word_1_163' title='bbox 1175 2008 1276 2070; x_wconf 85' lang='lat' dir='ltr'><strong>prom·</strong></span> 
     </span>
     <span class='ocr_line' id='line_1_20' title="bbox 211 2073 1359 2159; baseline -0.003 -21"><span class='ocrx_word' id='word_1_164' title='bbox 211 2087 292 2158; x_wconf 86' lang='lat' dir='ltr'><strong>ptum</strong></span> <span class='ocrx_word' id='word_1_165' title='bbox 308 2075 363 2140; x_wconf 89' lang='lat' dir='ltr'><strong>boo</strong></span> <span class='ocrx_word' id='word_1_166' title='bbox 379 2085 410 2140; x_wconf 88' lang='lat' dir='ltr'><strong>et</strong></span> <span class='ocrx_word' id='word_1_167' title='bbox 423 2075 456 2140; x_wconf 92' lang='lat' dir='ltr'><strong>in</strong></span> <span class='ocrx_word' id='word_1_168' title='bbox 471 2075 613 2159; x_wconf 81' lang='lat' dir='ltr'><strong>expedito</strong></span> <span class='ocrx_word' id='word_1_169' title='bbox 628 2074 757 2159; x_wconf 88' lang='lat' dir='ltr'><strong>positum</strong></span> <span class='ocrx_word' id='word_1_170' title='bbox 773 2074 992 2140; x_wconf 77' lang='lat' dir='ltr'><strong>exercitatione</strong></span> <span class='ocrx_word' id='word_1_171' title='bbox 1008 2073 1073 2152; x_wconf 83' lang='lat' dir='ltr'><strong>sola</strong></span> <span class='ocrx_word' id='word_1_172' title='bbox 1088 2073 1274 2138; x_wconf 82' lang='lat' dir='ltr'><strong>continetur.</strong></span> <span class='ocrx_word' id='word_1_173' title='bbox 1358 2099 1359 2102; x_wconf 40' lang='lat'>¹</span> 
     </span>
     <span class='ocr_line' id='line_1_21' title="bbox 208 2155 1278 2244; baseline -0.003 -18"><span class='ocrx_word' id='word_1_174' title='bbox 208 2155 271 2228; x_wconf 84' lang='lat' dir='ltr'><strong>idac</strong></span> <span class='ocrx_word' id='word_1_175' title='bbox 287 2161 330 2224; x_wconf 91' lang='lat' dir='ltr'><strong>uti</strong></span> <span class='ocrx_word' id='word_1_176' title='bbox 346 2162 390 2226; x_wconf 86' lang='lat' dir='ltr'><strong>sie</strong></span> <span class='ocrx_word' id='word_1_177' title='bbox 407 2161 548 2244; x_wconf 86' lang='lat' dir='ltr'><strong>optimum</strong></span> <span class='ocrx_word' id='word_1_178' title='bbox 565 2171 634 2238; x_wconf 86' lang='lat' dir='ltr'><strong>est,</strong></span> <span class='ocrx_word' id='word_1_179' title='bbox 657 2170 689 2224; x_wconf 91' lang='lat' dir='ltr'><strong>ut</strong></span> <span class='ocrx_word' id='word_1_180' title='bbox 704 2159 814 2225; x_wconf 89' lang='lat' dir='ltr'><strong>cotidie</strong></span> <span class='ocrx_word' id='word_1_181' title='bbox 831 2159 961 2224; x_wconf 87' lang='lat' dir='ltr'><strong>dicamus</strong></span> <span class='ocrx_word' id='word_1_182' title='bbox 977 2157 1165 2225; x_wconf 86' lang='lat' dir='ltr'><strong>audientibus</strong></span> <span class='ocrx_word' id='word_1_183' title='bbox 1182 2157 1278 2240; x_wconf 90' lang='lat' dir='ltr'><strong>pluri-</strong></span> 
     </span>
     <span class='ocr_line' id='line_1_22' title="bbox 206 2243 1275 2329; baseline -0.003 -19"><span class='ocrx_word' id='word_1_184' title='bbox 206 2247 274 2323; x_wconf 91' lang='lat' dir='ltr'><strong>bus,</strong></span> <span class='ocrx_word' id='word_1_185' title='bbox 293 2246 423 2312; x_wconf 80' lang='lat' dir='ltr'><strong>maxime</strong></span> <span class='ocrx_word' id='word_1_186' title='bbox 437 2247 474 2310; x_wconf 87' lang='lat' dir='ltr'><strong>do</strong></span> <span class='ocrx_word' id='word_1_187' title='bbox 489 2267 616 2329; x_wconf 79' lang='lat' dir='ltr'><strong>quorun</strong></span> <span class='ocrx_word' id='word_1_188' title='bbox 628 2246 722 2314; x_wconf 77' lang='lat' dir='ltr'><strong>aimus</strong></span> <span class='ocrx_word' id='word_1_189' title='bbox 739 2244 850 2311; x_wconf 87' lang='lat' dir='ltr'><strong>iudicio</strong></span> <span class='ocrx_word' id='word_1_190' title='bbox 866 2255 956 2328; x_wconf 87' lang='lat' dir='ltr'><strong>atque</strong></span> <span class='ocrx_word' id='word_1_191' title='bbox 972 2243 1113 2328; x_wconf 86' lang='lat' dir='ltr'><strong>opinione</strong></span> <span class='ocrx_word' id='word_1_192' title='bbox 1129 2243 1275 2321; x_wconf 77' lang='lat' dir='ltr'><strong>solticiti3</strong></span> 
     </span>
     <span class='ocr_line' id='line_1_23' title="bbox 207 2327 1278 2412; baseline -0.002 -16"><span class='ocrx_word' id='word_1_193' title='bbox 207 2332 486 2409; x_wconf 68' lang='lat' dir='ltr'><strong>munasterio,</strong></span> <span class='ocrx_word' id='word_1_194' title='bbox 510 2343 544 2395; x_wconf 87' lang='lat' dir='ltr'><strong>ut</strong></span> <span class='ocrx_word' id='word_1_195' title='bbox 558 2332 633 2396; x_wconf 90' lang='lat' dir='ltr'><strong>satis</strong></span> <span class='ocrx_word' id='word_1_196' title='bbox 649 2352 684 2396; x_wconf 87' lang='lat' dir='ltr'><strong>so</strong></span> <span class='ocrx_word' id='word_1_197' title='bbox 699 2330 822 2412; x_wconf 86' lang='lat' dir='ltr'><strong>quisque</strong></span> <span class='ocrx_word' id='word_1_198' title='bbox 839 2341 992 2394; x_wconf 87' lang='lat' dir='ltr'><strong>vereatur.</strong></span> <span class='ocrx_word' id='word_1_199' title='bbox 1029 2327 1085 2391; x_wconf 87' lang='lat' dir='ltr'><strong>Vel</strong></span> <span class='ocrx_word' id='word_1_200' title='bbox 1099 2329 1158 2394; x_wconf 86' lang='lat' dir='ltr'><strong>soli</strong></span> <span class='ocrx_word' id='word_1_201' title='bbox 1174 2339 1278 2394; x_wconf 87' lang='lat' dir='ltr'><strong>tamen</strong></span> 
     </span>
    </p>
   </div>
   <div class='ocr_carea' id='block_1_3' title="bbox 157 2413 1277 2926">
    <p class='ocr_par' dir='ltr' id='par_1_6' title="bbox 157 2413 1277 2756">
     <span class='ocr_line' id='line_1_24' title="bbox 157 2413 1277 2500; baseline -0.002 -21"><span class='ocrx_word' id='word_1_202' title='bbox 157 2428 190 2479; x_wconf 84' lang='lat'><strong>25</strong></span> <span class='ocrx_word' id='word_1_203' title='bbox 207 2417 339 2482; x_wconf 87' lang='lat' dir='ltr'><strong>dicamus</strong></span> <span class='ocrx_word' id='word_1_204' title='bbox 355 2417 555 2500; x_wconf 84' lang='lat' dir='ltr'><strong>potiusquam</strong></span> <span class='ocrx_word' id='word_1_205' title='bbox 572 2416 695 2480; x_wconf 86' lang='lat' dir='ltr'><strong>omuino</strong></span> <span class='ocrx_word' id='word_1_206' title='bbox 712 2436 770 2478; x_wconf 90' lang='lat' dir='ltr'><strong>uon</strong></span> <span class='ocrx_word' id='word_1_207' title='bbox 787 2414 930 2476; x_wconf 88' lang='lat' dir='ltr'><strong>dicamus.</strong></span> <span class='ocrx_word' id='word_1_208' title='bbox 973 2414 1028 2476; x_wconf 85' lang='lat' dir='ltr'><strong>Est</strong></span> <span class='ocrx_word' id='word_1_209' title='bbox 1043 2423 1069 2472; x_wconf 88' lang='lat' dir='ltr'><strong>et</strong></span> <span class='ocrx_word' id='word_1_210' title='bbox 1087 2413 1138 2474; x_wconf 86' lang='lat' dir='ltr'><strong>illo</strong></span> <span class='ocrx_word' id='word_1_211' title='bbox 1156 2416 1277 2476; x_wconf 83' lang='lat' dir='ltr'><strong>exerci-</strong></span> 
     </span>
     <span class='ocr_line' id='line_1_25' title="bbox 208 2496 1277 2586; baseline -0.006 -19"><span class='ocrx_word' id='word_1_212' title='bbox 208 2504 282 2572; x_wconf 86' lang='lat' dir='ltr'><strong>tatio</strong></span> <span class='ocrx_word' id='word_1_213' title='bbox 298 2503 448 2586; x_wconf 85' lang='lat' dir='ltr'><strong>cogitandi</strong></span> <span class='ocrx_word' id='word_1_214' title='bbox 464 2513 602 2585; x_wconf 85' lang='lat' dir='ltr'><strong>totasque</strong></span> <span class='ocrx_word' id='word_1_215' title='bbox 612 2497 755 2566; x_wconf 86' lang='lat' dir='ltr'><strong>materias</strong></span> <span class='ocrx_word' id='word_1_216' title='bbox 770 2496 820 2562; x_wconf 88' lang='lat' dir='ltr'><strong>vel</strong></span> <span class='ocrx_word' id='word_1_217' title='bbox 835 2496 955 2560; x_wconf 86' lang='lat' dir='ltr'><strong>silentio</strong></span> <span class='ocrx_word' id='word_1_218' title='bbox 972 2497 1056 2578; x_wconf 84' lang='lat' dir='ltr'><strong>(dum</strong></span> <span class='ocrx_word' id='word_1_219' title='bbox 1073 2506 1173 2560; x_wconf 87' lang='lat' dir='ltr'><strong>tamen</strong></span> <span class='ocrx_word' id='word_1_220' title='bbox 1185 2500 1277 2578; x_wconf 89' lang='lat' dir='ltr'><strong>quasi</strong></span> 
     </span>
     <span class='ocr_line' id='line_1_26' title="bbox 208 2581 1276 2672; baseline -0.007 -18"><span class='ocrx_word' id='word_1_221' title='bbox 208 2589 288 2656; x_wconf 76' lang='lat' dir='ltr'><strong>dictu</strong></span> <span class='ocrx_word' id='word_1_222' title='bbox 303 2589 382 2654; x_wconf 89' lang='lat' dir='ltr'><strong>iutra</strong></span> <span class='ocrx_word' id='word_1_223' title='bbox 398 2607 431 2652; x_wconf 91' lang='lat' dir='ltr'><strong>se</strong></span> <span class='ocrx_word' id='word_1_224' title='bbox 447 2589 559 2671; x_wconf 88' lang='lat' dir='ltr'><strong>ipsum)</strong></span> <span class='ocrx_word' id='word_1_225' title='bbox 582 2583 800 2672; x_wconf 87' lang='lat' dir='ltr'><strong>persequendi,</strong></span> <span class='ocrx_word' id='word_1_226' title='bbox 824 2602 899 2664; x_wconf 89' lang='lat' dir='ltr'><strong>quae</strong></span> <span class='ocrx_word' id='word_1_227' title='bbox 916 2581 997 2650; x_wconf 81' lang='lat' dir='ltr'><strong>nollo</strong></span> <span class='ocrx_word' id='word_1_228' title='bbox 1014 2603 1075 2650; x_wconf 90' lang='lat' dir='ltr'><strong>uon</strong></span> <span class='ocrx_word' id='word_1_229' title='bbox 1091 2590 1122 2642; x_wconf 87' lang='lat' dir='ltr'><strong>et</strong></span> <span class='ocrx_word' id='word_1_230' title='bbox 1139 2591 1276 2665; x_wconf 89' lang='lat' dir='ltr'><strong>tempore</strong></span> 
     </span>
     <span class='ocr_line' id='line_1_27' title="bbox 208 2667 1275 2756; baseline -0.004 -22"><span class='ocrx_word' id='word_1_231' title='bbox 208 2685 239 2736; x_wconf 86' lang='lat' dir='ltr'><strong>et</strong></span> <span class='ocrx_word' id='word_1_232' title='bbox 261 2674 347 2749; x_wconf 90' lang='lat' dir='ltr'><strong>loco,</strong></span> <span class='ocrx_word' id='word_1_233' title='bbox 372 2675 488 2756; x_wconf 88' lang='lat' dir='ltr'><strong>quando</strong></span> <span class='ocrx_word' id='word_1_234' title='bbox 505 2694 565 2736; x_wconf 90' lang='lat' dir='ltr'><strong>nou</strong></span> <span class='ocrx_word' id='word_1_235' title='bbox 588 2672 670 2736; x_wconf 88' lang='lat' dir='ltr'><strong>aliud</strong></span> <span class='ocrx_word' id='word_1_236' title='bbox 692 2669 827 2752; x_wconf 80' lang='lat' dir='ltr'><strong>agimus,</strong></span> <span class='ocrx_word' id='word_1_237' title='bbox 853 2667 1001 2751; x_wconf 83' lang='lat' dir='ltr'><strong>explicari</strong></span> <span class='ocrx_word' id='word_1_238' title='bbox 1017 2676 1117 2749; x_wconf 89' lang='lat' dir='ltr'><strong>potest</strong></span> <span class='ocrx_word' id='word_1_239' title='bbox 1133 2676 1225 2756; x_wconf 84' lang='lat' dir='ltr'><strong>otest</strong></span> <span class='ocrx_word' id='word_1_240' title='bbox 1241 2669 1275 2730; x_wconf 89' lang='lat' dir='ltr'><strong>in</strong></span> 
     </span>
    </p>

    <p class='ocr_par' dir='ltr' id='par_1_7' title="bbox 158 2752 1277 2926">
     <span class='ocr_line' id='line_1_28' title="bbox 158 2752 1277 2844; baseline -0.002 -27"><span class='ocrx_word' id='word_1_241' title='bbox 158 2769 191 2820; x_wconf 83' lang='grc'><strong>26</strong></span> <span class='ocrx_word' id='word_1_242' title='bbox 208 2770 291 2844; x_wconf 88' lang='lat' dir='ltr'><strong>parte</strong></span> <span class='ocrx_word' id='word_1_243' title='bbox 308 2758 411 2823; x_wconf 83' lang='lat' dir='ltr'><strong>utilior</strong></span> <span class='ocrx_word' id='word_1_244' title='bbox 426 2779 514 2842; x_wconf 89' lang='lat' dir='ltr'><strong>quam</strong></span> <span class='ocrx_word' id='word_1_245' title='bbox 531 2759 603 2821; x_wconf 88' lang='lat' dir='ltr'><strong>haee</strong></span> <span class='ocrx_word' id='word_1_246' title='bbox 619 2756 767 2842; x_wconf 85' lang='lat' dir='ltr'><strong>proxima.</strong></span> <span class='ocrx_word' id='word_1_247' title='bbox 793 2752 973 2838; x_wconf 85' lang='lat' dir='ltr'><strong>Diligentius</strong></span> <span class='ocrx_word' id='word_1_248' title='bbox 989 2752 1068 2816; x_wconf 88' lang='lat' dir='ltr'><strong>enim</strong></span> <span class='ocrx_word' id='word_1_249' title='bbox 1085 2753 1277 2836; x_wconf 78' lang='lat' dir='ltr'><strong>componitur</strong></span> 
     </span>
     <span class='ocr_line' id='line_1_29' title="bbox 209 2837 1272 2926; baseline -0.009 -18"><span class='ocrx_word' id='word_1_250' title='bbox 209 2865 296 2926; x_wconf 89' lang='lat' dir='ltr'><strong>quam</strong></span> <span class='ocrx_word' id='word_1_251' title='bbox 320 2843 390 2919; x_wconf 82' lang='lat' dir='ltr'><strong>itta,</strong></span> <span class='ocrx_word' id='word_1_252' title='bbox 422 2843 453 2906; x_wconf 93' lang='lat' dir='ltr'><strong>iu</strong></span> <span class='ocrx_word' id='word_1_253' title='bbox 478 2865 535 2925; x_wconf 89' lang='lat' dir='ltr'><strong>qua</strong></span> <span class='ocrx_word' id='word_1_254' title='bbox 557 2851 732 2908; x_wconf 86' lang='lat' dir='ltr'><strong>contextum</strong></span> <span class='ocrx_word' id='word_1_255' title='bbox 756 2837 873 2904; x_wconf 90' lang='lat' dir='ltr'><strong>dicendi</strong></span> <span class='ocrx_word' id='word_1_256' title='bbox 895 2837 1096 2904; x_wconf 87' lang='lat' dir='ltr'><strong>intermittere</strong></span> <span class='ocrx_word' id='word_1_257' title='bbox 1118 2859 1272 2902; x_wconf 88' lang='lat' dir='ltr'><strong>veremur.</strong></span> 
     </span>
    </p>
   </div>
   <div class='ocr_carea' id='block_1_4' title="bbox 138 3039 1275 3388">
    <p class='ocr_par' dir='ltr' id='par_1_8' title="bbox 138 3039 1275 3388">
     <span class='ocr_line' id='line_1_30' title="bbox 138 3039 1272 3112; baseline -0.012 -15"><span class='ocrx_word' id='word_1_258' title='bbox 138 3067 142 3076; x_wconf 67' lang='lat'><strong><em>¹</em></strong></span> <span class='ocrx_word' id='word_1_259' title='bbox 239 3046 441 3112; x_wconf 68' lang='lat' dir='ltr'><strong>bhsrivoimn.</strong></span> <span class='ocrx_word' id='word_1_260' title='bbox 469 3043 607 3094; x_wconf 81' lang='lat' dir='ltr'><strong>EinWort</strong></span> <span class='ocrx_word' id='word_1_261' title='bbox 630 3047 715 3112; x_wconf 69' lang='lat' dir='ltr'><strong>spite·</strong></span> <span class='ocrx_word' id='word_1_262' title='bbox 801 3047 924 3110; x_wconf 68' lang='lat' dir='ltr'><strong>diapante</strong></span> <span class='ocrx_word' id='word_1_263' title='bbox 942 3061 1021 3108; x_wconf 87' lang='lat' dir='ltr'><strong>„zum</strong></span> <span class='ocrx_word' id='word_1_264' title='bbox 1035 3041 1142 3094; x_wconf 82' lang='lat' dir='ltr'><strong>Theil.“</strong></span> <span class='ocrx_word' id='word_1_265' title='bbox 1169 3039 1272 3088; x_wconf 83' lang='lat' dir='ltr'><strong>Grioob.</strong></span> 
     </span>
     <span class='ocr_line' id='line_1_31' title="bbox 206 3103 1271 3180; baseline -0.015 -14"><span class='ocrx_word' id='word_1_266' title='bbox 206 3133 249 3166; x_wconf 90' lang='lat' dir='ltr'><strong>rer</strong></span> <span class='ocrx_word' id='word_1_267' title='bbox 270 3115 405 3168; x_wconf 67' lang='lat' dir='ltr'><strong>Latinitas</strong></span> <span class='ocrx_word' id='word_1_268' title='bbox 436 3112 529 3164; x_wconf 81' lang='lat' dir='ltr'><strong>Festus</strong></span> <span class='ocrx_word' id='word_1_269' title='bbox 548 3128 570 3162; x_wconf 88' lang='lat' dir='ltr'><strong>s.</strong></span> <span class='ocrx_word' id='word_1_270' title='bbox 590 3129 616 3162; x_wconf 87' lang='lat' dir='ltr'><strong>v.</strong></span> <span class='ocrx_word' id='word_1_271' title='bbox 640 3121 712 3177; x_wconf 80' lang='lat' dir='ltr'><strong>sagt:</strong></span> <span class='ocrx_word' id='word_1_272' title='bbox 766 3111 795 3162; x_wconf 78' lang='lat' dir='ltr'><strong>dv</strong></span> <span class='ocrx_word' id='word_1_273' title='bbox 806 3113 901 3180; x_wconf 74' lang='grc' dir='ltr'><em>μέρει,</em></span> <span class='ocrx_word' id='word_1_274' title='bbox 916 3115 976 3166; x_wconf 88' lang='lat' dir='ltr'><strong>sobr</strong></span> <span class='ocrx_word' id='word_1_275' title='bbox 989 3113 1072 3176; x_wconf 79' lang='lat' dir='ltr'><strong>biiufig</strong></span> <span class='ocrx_word' id='word_1_276' title='bbox 1085 3109 1124 3160; x_wconf 90' lang='lat' dir='ltr'><strong>bei</strong></span> <span class='ocrx_word' id='word_1_277' title='bbox 1139 3107 1186 3172; x_wconf 80' lang='lat' dir='ltr'><strong>Qu.</strong></span> <span class='ocrx_word' id='word_1_278' title='bbox 1197 3143 1204 3168; x_wconf 87' lang='lat'>‚</span> <span class='ocrx_word' id='word_1_279' title='bbox 1217 3103 1271 3165; x_wconf 83' lang='lat' dir='ltr'>vgl.</span> 
     </span>
     <span class='ocr_line' id='line_1_32' title="bbox 204 3179 1275 3252; baseline -0.015 -16"><span class='ocrx_word' id='word_1_280' title='bbox 204 3185 315 3236; x_wconf 67' lang='lat' dir='ltr'><strong>noveta</strong></span> <span class='ocrx_word' id='word_1_281' title='bbox 328 3189 393 3236; x_wconf 82' lang='lat' dir='ltr'><strong>aunt</strong></span> <span class='ocrx_word' id='word_1_282' title='bbox 408 3184 521 3252; x_wconf 82' lang='lat' dir='ltr'><strong>proprie</strong></span> <span class='ocrx_word' id='word_1_283' title='bbox 533 3196 598 3234; x_wconf 81' lang='lat' dir='ltr'><strong>vara</strong></span> <span class='ocrx_word' id='word_1_284' title='bbox 610 3182 714 3242; x_wconf 80' lang='lat' dir='ltr'><strong>fictilia</strong></span> <span class='ocrx_word' id='word_1_285' title='bbox 766 3179 811 3243; x_wconf 88' lang='lat'>111,</span> <span class='ocrx_word' id='word_1_286' title='bbox 827 3182 852 3244; x_wconf 83' lang='lat'><strong>5,</strong></span> <span class='ocrx_word' id='word_1_287' title='bbox 869 3182 918 3232; x_wconf 81' lang='lat'><strong>15:</strong></span> <span class='ocrx_word' id='word_1_288' title='bbox 937 3182 1011 3246; x_wconf 84' lang='lat' dir='ltr'><strong>qood</strong></span> <span class='ocrx_word' id='word_1_289' title='bbox 1029 3185 1056 3226; x_wconf 81' lang='lat' dir='ltr'><strong>s&#39;n</strong></span> <span class='ocrx_word' id='word_1_290' title='bbox 1069 3179 1190 3224; x_wconf 79' lang='lat' dir='ltr'><strong>unz&#39;oerso</strong></span> <span class='ocrx_word' id='word_1_291' title='bbox 1206 3184 1275 3234; x_wconf 84' lang='lat' dir='ltr'><strong>pro-</strong></span> 
     </span>
     <span class='ocr_line' id='line_1_33' title="bbox 206 3241 1273 3318; baseline -0.016 -14"><span class='ocrx_word' id='word_1_292' title='bbox 206 3267 317 3318; x_wconf 78' lang='lat' dir='ltr'><strong>ponere,</strong></span> <span class='ocrx_word' id='word_1_293' title='bbox 339 3253 410 3304; x_wconf 84' lang='lat' dir='ltr'><strong>unde</strong></span> <span class='ocrx_word' id='word_1_294' title='bbox 423 3253 499 3304; x_wconf 84' lang='lat' dir='ltr'><strong>dioto</strong></span> <span class='ocrx_word' id='word_1_295' title='bbox 512 3250 713 3314; x_wconf 63' lang='lat' dir='ltr'><strong>verbosiorem,</strong></span> <span class='ocrx_word' id='word_1_296' title='bbox 737 3289 740 3295; x_wconf 91' lang='lat'><em>.</em></span> <span class='ocrx_word' id='word_1_297' title='bbox 768 3250 914 3312; x_wconf 81' lang='lat' dir='ltr'><strong>batomsa&#39;t,</strong></span> <span class='ocrx_word' id='word_1_298' title='bbox 923 3253 950 3298; x_wconf 84' lang='lat' dir='ltr'><strong>in</strong></span> <span class='ocrx_word' id='word_1_299' title='bbox 961 3241 1190 3314; x_wconf 75' lang='lat' dir='ltr'><strong>parteprobctom</strong></span> <span class='ocrx_word' id='word_1_300' title='bbox 1201 3254 1273 3300; x_wconf 78' lang='lat' dir='ltr'><strong>esee3</strong></span> 
     </span>
     <span class='ocr_line' id='line_1_34' title="bbox 206 3315 1092 3388; baseline -0.015 -18"><span class='ocrx_word' id='word_1_301' title='bbox 206 3336 276 3388; x_wconf 81' lang='lat' dir='ltr'><strong>quoe</strong></span> <span class='ocrx_word' id='word_1_302' title='bbox 287 3324 376 3371; x_wconf 79' lang='lat' dir='ltr'><strong>minus</strong></span> <span class='ocrx_word' id='word_1_303' title='bbox 389 3320 519 3384; x_wconf 82' lang='lat' dir='ltr'><strong>eootfide</strong></span> <span class='ocrx_word' id='word_1_304' title='bbox 533 3320 661 3370; x_wconf 69' lang='lat' dir='ltr'><strong>rodoino.</strong></span> <span class='ocrx_word' id='word_1_305' title='bbox 768 3315 857 3368; x_wconf 80' lang='lat' dir='ltr'><strong>iriiber</strong></span> <span class='ocrx_word' id='word_1_306' title='bbox 870 3317 946 3368; x_wconf 76' lang='lat' dir='ltr'><strong>dafrir</strong></span> <span class='ocrx_word' id='word_1_307' title='bbox 959 3332 993 3366; x_wconf 74' lang='lat' dir='ltr'><strong>ex</strong></span> <span class='ocrx_word' id='word_1_308' title='bbox 1003 3316 1092 3380; x_wconf 65' lang='lat' dir='ltr'><strong>[rorte.</strong></span> 
     </span>
    </p>
   </div>
   <div class='ocr_carea' id='block_1_5' title="bbox 241 3390 1277 3552">
    <p class='ocr_par' dir='ltr' id='par_1_9' title="bbox 241 3390 1277 3552">
     <span class='ocr_line' id='line_1_35' title="bbox 241 3390 1277 3471; baseline -0.033 2"><span class='ocrx_word' id='word_1_309' title='bbox 241 3403 366 3456; x_wconf 58' lang='lat' dir='ltr'><strong>“Mim-</strong></span> <span class='ocrx_word' id='word_1_310' title='bbox 382 3403 408 3453; x_wconf 75' lang='lat' dir='ltr'><strong>s·</strong></span> <span class='ocrx_word' id='word_1_311' title='bbox 425 3405 455 3466; x_wconf 66' lang='lat'><strong>1,</strong></span> <span class='ocrx_word' id='word_1_312' title='bbox 470 3405 514 3455; x_wconf 73' lang='lat'><strong>96·</strong></span> <span class='ocrx_word' id='word_1_313' title='bbox 803 3403 846 3456; x_wconf 81' lang='grc'><strong>26.</strong></span> <span class='ocrx_word' id='word_1_314' title='bbox 867 3401 1046 3466; x_wconf 75' lang='lat' dir='ltr'><strong>componitur.</strong></span> <span class='ocrx_word' id='word_1_315' title='bbox 1076 3390 1128 3442; x_wconf 83' lang='lat' dir='ltr'><strong>Das</strong></span> <span class='ocrx_word' id='word_1_316' title='bbox 1147 3405 1277 3471; x_wconf 68' lang='lat' dir='ltr'><strong>gramma-</strong></span> 
     </span>
     <span class='ocr_line' id='line_1_36' title="bbox 241 3462 1274 3552; baseline -0.028 -15"><span class='ocrx_word' id='word_1_317' title='bbox 241 3490 285 3542; x_wconf 79' lang='grc'><strong>22.</strong></span> <span class='ocrx_word' id='word_1_318' title='bbox 305 3493 336 3539; x_wconf 78' lang='lat' dir='ltr'><strong>ut</strong></span> <span class='ocrx_word' id='word_1_319' title='bbox 350 3493 450 3538; x_wconf 74' lang='lat' dir='ltr'><strong>tamen.</strong></span> <span class='ocrx_word' id='word_1_320' title='bbox 470 3487 529 3552; x_wconf 71' lang='lat' dir='ltr'><strong>Vgl,</strong></span> <span class='ocrx_word' id='word_1_321' title='bbox 546 3491 570 3552; x_wconf 62' lang='lat'><strong>1,</strong></span> <span class='ocrx_word' id='word_1_322' title='bbox 585 3491 610 3540; x_wconf 61' lang='lat'><strong>2,</strong></span> <span class='ocrx_word' id='word_1_323' title='bbox 767 3472 848 3521; x_wconf 86' lang='lat' dir='ltr'><strong>tisebe</strong></span> <span class='ocrx_word' id='word_1_324' title='bbox 857 3471 931 3535; x_wconf 82' lang='lat' dir='ltr'><strong>Subj.</strong></span> <span class='ocrx_word' id='word_1_325' title='bbox 940 3465 1026 3518; x_wconf 79' lang='lat' dir='ltr'><strong>wdrde</strong></span> <span class='ocrx_word' id='word_1_326' title='bbox 1035 3462 1197 3512; x_wconf 69' lang='lat' dir='ltr'><strong>concitatio</strong></span> <span class='ocrx_word' id='word_1_327' title='bbox 1206 3475 1274 3522; x_wconf 81' lang='lat' dir='ltr'><strong>sein,</strong></span> 
     </span>
    </p>
   </div>
   <div class='ocr_carea' id='block_1_6' title="bbox 241 3528 1277 3670">
    <p class='ocr_par' dir='ltr' id='par_1_10' title="bbox 241 3528 1277 3670">
     <span class='ocr_line' id='line_1_37' title="bbox 241 3528 1277 3670; baseline -0.012 -44"><span class='ocrx_word' id='word_1_328' title='bbox 241 3576 285 3626; x_wconf 78' lang='lat' dir='ltr'><strong>aa.</strong></span> <span class='ocrx_word' id='word_1_329' title='bbox 305 3575 369 3628; x_wconf 82' lang='lat' dir='ltr'><strong>Hoc.</strong></span> <span class='ocrx_word' id='word_1_330' title='bbox 391 3573 417 3622; x_wconf 83' lang='lat' dir='ltr'><strong>s,</strong></span> <span class='ocrx_word' id='word_1_331' title='bbox 433 3571 538 3622; x_wconf 68' lang='lat' dir='ltr'><strong>aaaron.</strong></span> <span class='ocrx_word' id='word_1_332' title='bbox 768 3528 1277 3670; x_wconf 46' lang='lat' dir='ltr'><strong>{gffleffhffi&#39;g‘g&#39;14ffuggmhisffflmg</strong></span> 
     </span>
    </p>
   </div>
   <div class='ocr_carea' id='block_1_7' title="bbox 208 3655 1280 3800">
    <p class='ocr_par' dir='ltr' id='par_1_11' title="bbox 208 3655 1280 3800">
     <span class='ocr_line' id='line_1_38' title="bbox 243 3655 1280 3734; baseline 0 -24"><span class='ocrx_word' id='word_1_333' title='bbox 243 3659 638 3726; x_wconf 76' lang='lat' dir='ltr'><strong>torrendi-tempestatibus.</strong></span> <span class='ocrx_word' id='word_1_334' title='bbox 666 3655 714 3722; x_wconf 79' lang='lat' dir='ltr'><strong>Qu.</strong></span> <span class='ocrx_word' id='word_1_335' title='bbox 769 3665 1280 3734; x_wconf 56' lang='lat' dir='ltr'><strong>oratiozuefgfimn,waramannicht</strong></span> 
     </span>
     <span class='ocr_line' id='line_1_39' title="bbox 208 3727 1279 3800; baseline 0.006 -22"><span class='ocrx_word' id='word_1_336' title='bbox 208 3727 282 3778; x_wconf 84' lang='lat' dir='ltr'><strong>b&#39;a&#39;uit</strong></span> <span class='ocrx_word' id='word_1_337' title='bbox 294 3729 348 3778; x_wconf 90' lang='lat' dir='ltr'><strong>bier</strong></span> <span class='ocrx_word' id='word_1_338' title='bbox 362 3728 417 3781; x_wconf 79' lang='lat' dir='ltr'><strong>atta</strong></span> <span class='ocrx_word' id='word_1_339' title='bbox 431 3727 548 3782; x_wconf 74' lang='lat' dir='ltr'><strong>iutuitu.</strong></span> <span class='ocrx_word' id='word_1_340' title='bbox 635 3729 641 3740; x_wconf 84' lang='lat'>&#39;</span> <span class='ocrx_word' id='word_1_341' title='bbox 768 3751 836 3796; x_wconf 57' lang='lat' dir='ltr'><strong>„two</strong></span> <span class='ocrx_word' id='word_1_342' title='bbox 854 3742 898 3794; x_wconf 82' lang='lat' dir='ltr'><strong>mit</strong></span> <span class='ocrx_word' id='word_1_343' title='bbox 922 3735 1015 3786; x_wconf 85' lang='lat' dir='ltr'><strong>Herbst</strong></span> <span class='ocrx_word' id='word_1_344' title='bbox 1035 3737 1207 3800; x_wconf 79' lang='lat' dir='ltr'><strong>componitur</strong></span> <span class='ocrx_word' id='word_1_345' title='bbox 1227 3751 1279 3784; x_wconf 88' lang='lat' dir='ltr'><strong>un—</strong></span> 
     </span>
    </p>
   </div>
   <div class='ocr_carea' id='block_1_8' title="bbox 242 3802 1279 3878">
    <p class='ocr_par' dir='ltr' id='par_1_12' title="bbox 242 3802 1279 3878">
     <span class='ocr_line' id='line_1_40' title="bbox 242 3802 1279 3878; baseline -0.01 -14"><span class='ocrx_word' id='word_1_346' title='bbox 242 3815 285 3866; x_wconf 77' lang='lat'><strong>24.</strong></span> <span class='ocrx_word' id='word_1_347' title='bbox 322 3829 418 3864; x_wconf 83' lang='lat' dir='ltr'><strong>ruram</strong></span> <span class='ocrx_word' id='word_1_348' title='bbox 450 3819 492 3864; x_wconf 77' lang='lat' dir='ltr'><strong>ost</strong></span> <span class='ocrx_word' id='word_1_349' title='bbox 514 3840 549 3852; x_wconf 90' lang='lat'><em>-</em></span> <span class='ocrx_word' id='word_1_350' title='bbox 571 3820 611 3864; x_wconf 74' lang='lat' dir='ltr'><strong>ud.</strong></span> <span class='ocrx_word' id='word_1_351' title='bbox 654 3812 714 3878; x_wconf 75' lang='lat' dir='ltr'><strong>Vgi.</strong></span> <span class='ocrx_word' id='word_1_352' title='bbox 766 3805 972 3877; x_wconf 79' lang='lat' dir='ltr'><strong>persbuiicbuud</strong></span> <span class='ocrx_word' id='word_1_353' title='bbox 991 3803 1038 3854; x_wconf 79' lang='lat' dir='ltr'><strong>iilo</strong></span> <span class='ocrx_word' id='word_1_354' title='bbox 1057 3802 1279 3856; x_wconf 71' lang='lat' dir='ltr'><strong>stadonense-</strong></span> 
     </span>
    </p>
   </div>
   <div class='ocr_carea' id='block_1_9' title="bbox 206 3876 1278 4085">
    <p class='ocr_par' dir='ltr' id='par_1_13' title="bbox 206 3876 1278 4085">
     <span class='ocr_line' id='line_1_41' title="bbox 209 3876 1224 3950; baseline -0.016 -16"><span class='ocrx_word' id='word_1_355' title='bbox 209 3881 314 3950; x_wconf 83' lang='lat' dir='ltr'><strong>Zunpts</strong></span> <span class='ocrx_word' id='word_1_356' title='bbox 327 3880 372 3934; x_wconf 83' lang='lat' dir='ltr'><strong>Gr.</strong></span> <span class='ocrx_word' id='word_1_357' title='bbox 388 3883 411 3946; x_wconf 66' lang='grc' dir='ltr'><strong>ἕ.</strong></span> <span class='ocrx_word' id='word_1_358' title='bbox 426 3882 486 3933; x_wconf 78' lang='grc'><strong>623.</strong></span> <span class='ocrx_word' id='word_1_359' title='bbox 767 3895 823 3932; x_wconf 88' lang='lat' dir='ltr'><strong>meu</strong></span> <span class='ocrx_word' id='word_1_360' title='bbox 840 3876 902 3926; x_wconf 87' lang='lat' dir='ltr'><strong>will.</strong></span> <span class='ocrx_word' id='word_1_361' title='bbox 1219 3939 1224 3950; x_wconf 34' lang='grc' dir='ltr'>ι</span> 
     </span>
     <span class='ocr_line' id='line_1_42' title="bbox 245 3938 1277 4008; baseline -0.017 -6"><span class='ocrx_word' id='word_1_362' title='bbox 245 3952 287 4002; x_wconf 82' lang='lat'><strong>25.</strong></span> <span class='ocrx_word' id='word_1_363' title='bbox 298 3950 424 4002; x_wconf 82' lang='lat' dir='ltr'><strong>dicotmit</strong></span> <span class='ocrx_word' id='word_1_364' title='bbox 437 3950 640 4004; x_wconf 80' lang='lat' dir='ltr'><strong>unbeatimmtem</strong></span> <span class='ocrx_word' id='word_1_365' title='bbox 649 3948 715 4000; x_wconf 91' lang='lat' dir='ltr'><strong>Sub·</strong></span> <span class='ocrx_word' id='word_1_366' title='bbox 800 3951 828 3996; x_wconf 82' lang='lat' dir='ltr'><strong>a&#39;n</strong></span> <span class='ocrx_word' id='word_1_367' title='bbox 843 3945 907 4006; x_wconf 77' lang='lat' dir='ltr'><strong>aba,</strong></span> <span class='ocrx_word' id='word_1_368' title='bbox 920 3942 977 3994; x_wconf 89' lang='lat' dir='ltr'><strong>eine</strong></span> <span class='ocrx_word' id='word_1_369' title='bbox 988 3958 1053 4008; x_wconf 78' lang='lat' dir='ltr'><strong>ganz</strong></span> <span class='ocrx_word' id='word_1_370' title='bbox 1063 3938 1277 4008; x_wconf 68' lang='lat' dir='ltr'><strong>uugewdbnhobe</strong></span> 
     </span>
     <span class='ocr_line' id='line_1_43' title="bbox 206 4005 1278 4085; baseline -0.018 -14"><span class='ocrx_word' id='word_1_371' title='bbox 206 4021 294 4085; x_wconf 75' lang='lat' dir='ltr'><strong>jecto,</strong></span> <span class='ocrx_word' id='word_1_372' title='bbox 308 4020 361 4085; x_wconf 69' lang='lat' dir='ltr'><strong>vsi.</strong></span> <span class='ocrx_word' id='word_1_373' title='bbox 379 4021 403 4085; x_wconf 83' lang='lat' dir='ltr'><strong>i,</strong></span> <span class='ocrx_word' id='word_1_374' title='bbox 417 4022 442 4070; x_wconf 83' lang='lat' dir='ltr'><strong>t.</strong></span> <span class='ocrx_word' id='word_1_375' title='bbox 767 4011 946 4064; x_wconf 76' lang='lat' dir='ltr'><strong>construction</strong></span> <span class='ocrx_word' id='word_1_376' title='bbox 971 4012 1012 4064; x_wconf 87' lang='lat' dir='ltr'><strong>bei</strong></span> <span class='ocrx_word' id='word_1_377' title='bbox 1038 4014 1163 4078; x_wconf 84' lang='lat' dir='ltr'><strong>conferre</strong></span> <span class='ocrx_word' id='word_1_378' title='bbox 1183 4007 1208 4054; x_wconf 88' lang='lat' dir='ltr'><strong>iu</strong></span> <span class='ocrx_word' id='word_1_379' title='bbox 1228 4005 1278 4054; x_wconf 89' lang='lat' dir='ltr'><strong>dor</strong></span> 
     </span>
    </p>
   </div>
   <div class='ocr_carea' id='block_1_10' title="bbox 0 0 1404 4748">
    <p class='ocr_par' dir='ltr' id='par_1_14' title="bbox 0 0 1404 4748">
     <span class='ocr_line' id='line_1_44' title="bbox 0 0 1404 4748; baseline 0 0"><span class='ocrx_word' id='word_1_380' title='bbox 0 0 1404 4748; x_wconf 95' lang='lat' dir='ltr'><strong> </strong></span> 
     </span>
    </p>
   </div>
  </div>
 </body>
</html>
