2800 4748
423 418 532 472 curor
545 419 588 471 ιν.
610 419 634 486 p.
650 420 726 470 2-4.
746 420 778 473 v.
799 421 914 488 §.1-2.
1173 415 1210 475 51

54 593 58 616 ¹
148 573 324 650 redeamus,
356 594 394 636 ne
416 573 504 637 noltis
534 573 646 656 scripta
669 583 772 638 nostra
802 585 943 657 tanquam
972 590 1111 644 recentes
1134 582 1211 645 letus
1318 625 1322 634 «

147 657 348 722 blandiantur.
389 658 445 721 Sed
470 679 564 740 neque
587 659 643 721 lroc
667 658 841 743 contingere
863 679 982 744 semper
1004 673 1102 745 potest
1123 685 1209 749 prae·
1233 678 1249 728 3

147 745 249 805 sertim
266 744 393 819 oratori,
412 744 459 806 eui
474 743 593 826 saepius
610 743 743 808 scribere
755 745 792 808 ad
808 757 983 828 praesentes
1000 769 1070 812 usus
1087 769 1211 815 necesse

147 838 212 908 est3
231 838 261 889 et
277 829 445 891 emendatio
461 829 547 890 linem
566 827 683 892 habeat.
717 829 793 893 Sunt
808 830 887 893 euim
904 832 953 913 qui
969 833 1005 895 ad
1022 835 1120 898 omnia
1137 836 1212 899 scri-

146 922 196 996 pta
213 923 352 995 tanquam
368 914 478 977 vitiosa
495 913 621 976 redeant
636 924 684 990 ct,
703 915 788 997 quasi
804 915 879 978 nihil
894 917 939 979 las
956 916 996 980 sit'
1010 931 1126 982 rectum
1143 940 1210 984 esse

147 999 224 1080 quod
239 997 365 1083 primum
383 1009 449 1076 cst,
469 999 575 1064 melius
592 999 770 1065 existiment
785 1000 925 1083 quidquid
941 1013 989 1065 est
1004 1002 1104 1082 aliud,
1122 1004 1210 1087 idque

145 1084 269 1161 faciant,
288 1087 426 1167 quotiens
442 1085 550 1148 librum
566 1085 596 1147 in
613 1105 718 1148 manns
734 1097 972 1169 resumpserunt,
990 1088 1103 1152 similes
1119 1090 1211 1154 medi·

145 1170 189 1232 cis
206 1169 295 1234 etiam
311 1170 430 1253 integra
445 1169 628 1234 secantibus.
646 1169 763 1234 Accidit
777 1171 818 1234 ita
842 1191 892 1247 ue,
911 1182 943 1234 ut
958 1171 1139 1249 cicatricosa
1150 1174 1212 1238 sint

145 1267 175 1318 et
190 1255 357 1338 exsanguia
374 1267 404 1318 ct
420 1276 491 1319 cura
506 1255 620 1340 peiora.
661 1255 705 1318 Sit
721 1275 794 1338 ergo
816 1194 975 1338 :aliquando
1000 1259 1079 1338 quod
1099 1258 1247 1342 placeatl

145 1352 197 1404 aut
213 1350 294 1404 certe
310 1343 386 1422 quod
401 1342 539 1419 sufficiat,
559 1351 592 1404 ut
607 1361 681 1424 opus
697 1339 790 1425 poliat
804 1341 875 1404 lima
890 1362 949 1404 non
963 1353 1095 1405 exterat.
1121 1343 1210 1407 Tem-

145 1427 226 1507 poris
243 1445 358 1507 quoque
381 1446 448 1490 esse
465 1425 553 1490 debet
567 1427 683 1493 modus.
723 1425 799 1490 Nam
823 1427 900 1508 quod
917 1426 1032 1491 Cinnae
1046 1427 1207 1511 Zmyrnam

146 1530 255 1573 novem
279 1509 365 1596 annis
389 1510 555 1593 accepimus
577 1512 734 1594 scriptam,
760 1522 790 1574 et
811 1511 1029 1596 Panegyricum
1052 1511 1206 1588 isocratis,

145 1595 193 1677 qui
210 1594 403 1678 parcissime,
429 1595 530 1657 decem
553 1595 641 1656 annis
665 1596 766 1658 meunt
781 1596 984 1674 elaboratum,
1008 1597 1044 1660 ad
1060 1608 1209 1661 oratorem

145 1679 375 1764 nilrilpertinct3
394 1679 601 1743 euiusnullum
612 1679 682 1756 erit,
700 1681 725 1742 si
735 1691 793 1742 tam
802 1682 918 1744 tardum
926 1683 1029 1760 luerit,
1047 1682 1207 1746 auxilium.

518 1950 854 1964 w

581 2169 713 2223 CAPUT
750 2170 782 2222 V.

184 2328 187 2333 ¹
272 2336 417 2415 QUAE
454 2338 781 2404 sentruden
813 2335 1055 2400 MAXIME.

175 2577 178 2584 ·
226 2559 401 2623 Proximum
418 2571 475 2638 est,
493 2561 756 2646 utdicamusqaoc
765 2556 1114 2644 pracamaaesara'benda
1126 2562 1200 2621 siat.
1228 2574 1239 2623 1

141 2642 204 2704 lloc
221 2645 418 2708 exuberantis
443 2646 614 2727 sicquidem
639 2645 758 2727 operis,
781 2652 814 2704 ut
835 2641 1021 2722 explicemus
1045 2661 1122 2722 quae
1147 2643 1208 2706 sint

141 2727 297 2802 materiae,
316 2748 391 2809 quae
407 2729 503 2811 prima
519 2740 571 2791 aut
585 2730 714 2792 secunda
728 2737 780 2790 ant
795 2726 934 2807 deinceps
951 2725 1109 2787 tractanda
1124 2727 1203 2804 sint,

141 2831 208 2872 uam
225 2811 255 2874 id
270 2812 380 2875 lactum
397 2824 445 2876 est
461 2813 550 2877 etiam
566 2813 662 2896 primo
677 2813 766 2888 libro,
784 2833 843 2894 quo
859 2828 1037 2892 puerorum,
1056 2820 1086 2871 et
1101 2830 1208 2874 secun-

141 2896 197 2973 do,
224 2911 282 2978 quo
305 2897 508 2962 robustiorum
530 2898 636 2962 studiis
653 2898 788 2961 ordinem
811 2895 964 2972 dedimus,
993 2895 1066 2971 sed,
1091 2895 1127 2958 de
1150 2918 1207 2980 quo

141 3001 220 3044 nunc
237 2982 352 3065 agitur,
372 2984 449 3048 unde
465 2983 550 3065 copia
566 3005 602 3047 ao
618 2984 743 3047 facilitas
760 2983 891 3045 maxime
906 2981 1022 3043 veniat.

229 3084 366 3148 Vertere
383 3084 507 3148 Graeca
523 3089 553 3148 r'a
562 3084 710 3148 Lauinam
727 3081 847 3148 veteres
864 3083 958 3145 nostri
973 3092 1112 3145 oratores
1128 3081 1204 3164 opti·
1226 3093 1243 3144 2

77 3206 83 3212 -
141 3190 219 3231 mum
235 3167 419 3233 iudicabant.
444 3170 475 3232 ld
491 3191 524 3235 se
540 3171 576 3234 L.
596 3169 725 3235 Crassus
740 3171 771 3232 in
787 3166 1010 3234 illisCieeronis
1028 3166 1063 3227 de
1081 3165 1207 3230 Oratore
1242 3227 1246 3237 ,

140 3370 209 3437 llpos
221 3385 270 3420 von
280 3370 361 3422 Cinna
374 3387 403 3421 so
416 3372 513 3422 lautct:
529 3374 648 3441 Zmyrna
701 3372 747 3423 Or.
762 3372 788 3435 l,
803 3372 852 3435 34,
868 3372 933 3422 155:
959 3373 1058 3423 Postea
1071 3372 1142 3421 mida*
1151 3371 1212 3436 pla-

139 3443 195 3488 mei
213 3439 314 3491 Cinnae
332 3455 431 3491 aonam
447 3445 512 3506 port
536 3441 648 3508 denique
701 3445 761 3492 cuit
782 3457 863 3507 eoque
880 3457 940 3491 eam
959 3457 1024 3491 asae
1045 3439 1208 3496 adolescens,

138 3523 261 3571 messem,
275 3508 361 3573 Quam
370 3513 521 3574 coaptaret,
536 3526 649 3561 aonam·
700 3515 734 3560 at
744 3524 912 3561 summorum
933 3514 1078 3561 oratorum
1093 3504 1210 3556 Graecae

139 3593 191 3643 que
204 3576 277 3627 edita
288 3583 355 3642 poet
366 3579 479 3628 hiemem
492 3585 543 3628 ete.
699 3582 839 3630 crationes
851 3579 1026 3645 explicarem.
1061 3574 1162 3638 Quidue
1176 3572 1211 3622 le·

172 3646 370 3712 Panegyricum
400 3646 541 3697 Isocratis.
586 3645 644 3709 vgt.
699 3651 752 3697 atie
765 3646 1000 3712 accommodam
1017 3647 1057 3703 nt,
1073 3655 1208 3706 qaumea,

140 3711 207 3763 Plut.
223 3714 278 3764 dec.
292 3723 369 3765 oratt.
386 3711 411 3764 δ.
426 3730 450 3781 p.
465 3715 514 3766 sat
530 3713 577 3766 n:
600 3709 648 3764 τὸν
704 3729 773 3778 qaae
786 3715 905 3776 legeram
920 3710 1031 3772 Graece,
1046 3707 1212 3759 Latioered·

140 3794 252 3846 πανηγυ
272 3777 329 3833 ικὸν
347 3781 421 3833 ἔτεσι
440 3780 507 3835 δέκα
530 3781 648 3844 acreda·
703 3781 806 3840 darm,
831 3793 884 3827 raon
896 3779 984 3828 aotam
998 3780 1111 3844 optimis
1124 3777 1211 3827 cardia

139 3863 196 3908 κεν,
210 3847 237 3897 οἱ
249 3798 279 3899 dt
292 3847 443 3903 δεκαπέντε
451 3853 586 3919 λέγουσιν.
601 3848 647 3898 llie
701 3850 924 3896 attererettamcn
933 3849 1061 3909 raritatis,
1075 3845 1212 3895 sedetiam

140 3915 239 3969 Schrilt
250 3917 285 3967 ist
297 3919 360 3969 noch
374 3920 500 3970 erhalten.
702 3917 884 3980 reprimerem
898 3915 1031 3978 quaedam
1053 3914 1133 3963 verda
1151 3913 1213 3960 imi-

176 3986 200 4035 1.
222 3987 418 4039 robustiorum.
439 3986 612 4052 Vgt1,130.
701 3981 801 4042 lorado,
821 3995 891 4046 qaae
906 3996 974 4032 aava
995 3985 1100 4032 nostris
1113 3981 1212 4038 essent,

175 4055 199 4104 2.
213 4053 246 4105 t.
260 4054 416 4106 &aeaas—
421 4055 582 4120 factitasse.
593 4053 647 4104 Cic.
702 4049 846 4102 dammodo
860 4055 946 4100 aerea-t
962 4049 1072 4099 idonea.

1025 4130 1059 4181 4.
