2604 4590
155 206 196 269 48
510 221 620 273 CAPUT
632 221 676 273 lll.
697 221 721 286 5.
736 221 848 272 22-27,

160 376 238 460 qnod
261 384 308 438 est
329 374 566 458 potentissimum
591 374 705 451 dicam,
739 383 886 436 secretum
909 373 941 435 in
963 373 1102 437 dictundo
1128 377 1219 458 perit.

157 461 254 544 Atque
275 458 401 522 liberum
429 459 550 521 arbitris
580 459 677 521 locum
702 469 732 521 et
755 478 841 541 quam
863 457 1040 521 altissimum
1067 460 1221 525 silentium

159 544 362 610 scribentibus
378 544 509 606 maxime
526 544 690 606 convenire
706 562 793 606 nemo
810 542 1002 607 dubitaverit.
1033 544 1103 607 Non
1120 557 1220 610 tamen

158 633 294 715 protinus
311 629 448 691 audiendi
470 628 519 710 qui
536 629 660 692 credunt
675 629 829 712 aptissima
849 628 881 690 in
904 628 959 690 hoc
975 648 1098 692 nemora
1113 631 1219 695 silvas·

159 737 235 798 que,
260 715 338 797 quod
356 714 408 776 illa
430 714 505 776 coeli
526 714 648 777 libertas
669 715 862 796 locorumque
883 713 1049 778 amoenitas
1066 714 1221 780 sublimem

109 812 141 861 23
158 801 289 863 animum
306 811 337 862 et
351 799 513 862 beatiorem
529 799 665 882 spiritum
682 811 798 883 parent.
826 798 899 860 Mihi
916 804 998 861 cer'te
1013 800 1158 864 ineundus
1174 801 1221 864 bic

159 886 254 968 magis
277 905 363 967 qnam
380 884 546 947 studiorum
568 885 706 946 hortator
720 884 839 947 videtur
855 904 922 947 esse
939 904 1091 948 secessus.
1130 885 1221 949 Nam-

159 990 217 1052 que
232 970 295 1044 iba,
313 978 389 1053 quae
404 970 469 1052 ipsa
487 968 649 1046 delectant,
667 988 792 1031 necesse
808 979 855 1031 est
866 970 1038 1032 avocentab
1054 970 1220 1033 intentione

159 1056 257 1138 operis
279 1055 433 1118 destinati.
472 1054 578 1140 Neque
603 1054 682 1116 enim
705 1074 739 1116 se
754 1053 832 1116 bona
847 1054 903 1117 lide
919 1055 950 1117 in
966 1055 1058 1117 multa
1072 1054 1158 1117 simul
1174 1056 1220 1117 in-

160 1142 284 1204 tendere
306 1141 424 1203 animus
447 1151 539 1203 totum
562 1150 677 1223 potest,
697 1148 726 1202 et
742 1159 918 1221 quocunque
934 1139 1086 1222 respexit,
1111 1140 1219 1203 desinit

108 1236 141 1286 24
157 1226 267 1289 intueri
291 1226 368 1307 qnod
390 1224 573 1308 propositum
594 1235 670 1287 erat.
711 1224 809 1302 Quare
833 1225 978 1287 silvarum
1002 1225 1166 1288 amoenitas
1189 1236 1219 1288 et

159 1309 411 1392 praeterlabentia
438 1309 560 1371 flumina
587 1321 617 1372 et
645 1310 828 1393 inspirantes
851 1311 942 1372 rantis
967 1308 1104 1372 arborum
1128 1326 1219 1373 aurae

157 1394 373 1475 volnerumque
389 1404 494 1456 cantus
522 1404 552 1455 et
567 1393 631 1478 ipsa
647 1395 707 1458 late
724 1395 980 1479 circumspiciendi
995 1394 1118 1458 libertas
1135 1396 1171 1458 ad
1188 1416 1220 1458 se

157 1479 297 1556 trahunt3
316 1489 348 1539 ut
363 1478 434 1541 mihi
447 1478 601 1542 remittere
617 1480 714 1562 potins
730 1481 867 1564 voluptas
882 1481 940 1543 ista
957 1479 1093 1543 videatur
1108 1480 1220 1564 cogita-

108 1564 139 1624 25
153 1564 265 1627 tionem
283 1580 370 1645 quam
385 1563 553 1626 intendere.
578 1565 795 1629 Demosthenes
812 1566 929 1643 melius,
948 1565 996 1647 qui
1012 1585 1046 1628 se
1061 1565 1093 1627 in
1108 1565 1216 1641 locum,

87 1722 92 1731 ἱ
157 1668 197 1711 ex
214 1668 270 1731 quo
287 1649 368 1711 nulla
384 1648 523 1710 exaudiri
537 1670 601 1710 vox
616 1661 647 1710 et
662 1671 703 1713 ex
719 1671 776 1731 quo
793 1651 866 1713 nihil
882 1651 1012 1733 prospici
1027 1660 1147 1733 posset,
1171 1670 1220 1713 re·

157 1734 327 1811 condebat,
343 1755 380 1796 ne
397 1734 476 1796 alind
493 1753 583 1816 agere
599 1743 728 1796 mentem
745 1747 888 1816 cogerent
904 1736 993 1798 oculi.
1033 1735 1159 1818 ldeoqne
1175 1735 1220 1797 ln-

157 1820 318 1883 cubrantes
347 1819 497 1882 silentium
527 1820 623 1882 noctis
653 1830 684 1883 et
710 1821 845 1883 clausum
874 1819 1040 1883 cubiculum
1062 1830 1093 1883 et
1121 1821 1217 1882 lumen

106 1914 140 1964 26
155 1922 247 1968 unum
263 1905 347 1968 velut
363 1916 459 1968 tectos
476 1906 607 1968 maxime
624 1915 736 1968 teneat.
755 1905 812 1968 Sed
828 1927 893 1967 cum
909 1906 939 1967 in
957 1906 1036 1967 omni
1053 1906 1218 1968 studiorum

157 2009 289 2072 genere,
315 2001 377 2051 tum
400 1992 431 2051 in
453 1991 509 2052 hoc
533 1990 690 2074 praecipue
712 1990 790 2054 bona
811 1990 969 2065 valetudo,
995 2010 1130 2072 quaeque
1154 2011 1221 2054 eam

155 2073 287 2133 maxime
308 2084 460 2154 praestat,
485 2076 639 2154 frugalitas
661 2075 833 2136 necessario
856 2085 922 2151 est3
951 2095 1015 2136 cum
1033 2086 1166 2156 tempora
1184 2075 1220 2138 ab

155 2157 221 2237 ipsa
243 2176 342 2217 rerum
364 2167 471 2217 natura
500 2159 536 2218 ad
558 2159 685 2237 quietem
709 2159 964 2237 refectionemque
986 2158 1072 2219 nobis
1097 2160 1166 2222 data
1187 2160 1219 2222 in

156 2240 333 2302 acerrimum
349 2239 480 2300 laborem
498 2241 711 2301 convertimus.
738 2240 792 2299 Cui
808 2249 907 2299 tamen
924 2260 983 2300 non
1000 2242 1064 2320 plus
1081 2242 1219 2322 irrogem·
1290 2294 1294 2298 .

106 2336 137 2386 27
154 2326 221 2386 dum
238 2334 285 2388 est
300 2345 388 2406 quam
404 2324 480 2405 qnod
496 2344 601 2386 somno
617 2323 777 2406 supererit,
796 2322 872 2384 hand
890 2323 995 2384 deerit.
1016 2321 1122 2385 Obstat
1138 2326 1217 2386 enim

155 2409 326 2496 diligentiae
344 2408 492 2472 scribendi
510 2408 597 2471 etiam
616 2408 763 2491 fatigatio,
782 2417 813 2470 et
828 2406 957 2483 abunde,
976 2408 1002 2470 si
1017 2418 1122 2486 vacet,
1140 2409 1216 2472 lucis

187 2615 233 2666 22.
250 2616 350 2682 Atque,
363 2615 416 2680 vgl.
434 2615 460 2678 2,
474 2615 518 2664 20.
568 2671 571 2675 A
746 2628 806 2664 cum
817 2640 851 2647 -
865 2615 1060 2675 convertimus,
1076 2610 1219 2675 „wilbrend

187 2687 216 2732 io
234 2685 300 2744 boc,
320 2682 376 2734 eine
395 2683 474 2734 durch
494 2682 534 2732 dle
553 2680 659 2732 chbtcr
710 2683 759 2732 wir
771 2681 964 2743 vermenden“‚
983 2695 1010 2730 so
1025 2679 1101 2744 dass,
1116 2680 1164 2730 wie
1177 2680 1217 2729 bei

152 2749 241 2814 (Ouid.
256 2750 318 2801 Met.
333 2749 403 2821 xlv,
417 2752 584 2818 765sormas
595 2752 659 2802 deus
711 2745 775 2814 uns,
796 2751 836 2800 die
858 2750 961 2800 causale
989 2749 1137 2813 bedeutuug
1159 2764 1218 2798 vor-

153 2825 234 2884 aptm
261 2823 289 2868 in
314 2821 414 2884 omnes)
442 2821 466 2869 in
496 2821 536 2870 die
559 2821 659 2887 sp'a'tere
712 2819 837 2870 bercscht.
867 2818 917 2869 Ein
941 2817 1055 2882 gleicber
1084 2816 1217 2868 Gebraucb

151 2886 233 2937 Prosu
245 2886 658 2953 iibergegangeneConstruction,
711 2905 761 2938 von
780 2902 839 2937 caum
859 2887 937 2936 findet
958 2885 1011 2936 siob
1033 2885 1100 2936 o‘lter
1112 2886 1152 2936 bei
1166 2884 1215 2950 Qu.

152 2955 193 3005 bei
214 2955 262 3020 Qu.
277 2972 325 3005 nur
338 2970 369 3006 an
383 2957 468 3007 dieser
481 2957 577 3021 stelle,
597 2963 660 3007 statt
711 2973 736 3006 z.
751 2957 780 3004 B.
796 2955 824 3018 1,
838 2956 869 3017 6,
885 2957 915 3004 2:
939 2957 1092 3004 auctoritas
1110 2955 1217 3003 choru-

153 3025 197 3074 des
211 3023 270 3074 Dat.
287 3024 348 3075 oder
361 3025 406 3075 ad.
711 3026 817 3075 toribus
829 3024 871 3072 vel
882 3024 1022 3072 historicis
1032 3023 1094 3086 poti
1104 3020 1216 3070 solet—

187 3093 230 3142 25.
249 3094 450 3144 Demosthenes.
465 3092 524 3157 Vgl.
539 3092 660 3143 Plutarch
711 3108 782 3142 oum
812 3106 979 3141 santonorum
1004 3093 1032 3139 in
1060 3089 1216 3154 eloquentia

153 3159 225 3209 Dem.
242 3162 272 3208 7:
294 3160 323 3212 dx
337 3156 435 3212 τούτου
447 3156 595 3228 κατάγειον
607 3159 659 3231 μὲν
710 3165 831 3212 virorum
850 3160 982 3211 iudicium
996 3174 1049 3224 pro
1062 3161 1170 3209 radone
1189 3162 1217 3207 ct

152 3225 244 3277 οἰκοδο
269 3229 334 3291 ἧσαι
354 3226 563 3298 μελετητήριον,
591 3221 658 3294 ὃδὴ
709 3231 751 3280 vel
774 3244 852 3281 error
876 3231 1004 3279 honestus
1029 3233 1083 3278 est
1105 3241 1217 3292 magnos

152 3244 298 3354 decocidico
310 3297 358 3346 καὶ
370 3291 432 3347 καθ’
447 3294 528 3366 ἡμᾶς.
711 3299 790 3348 duces
809 3299 990 3365 sequentibus.

186 3382 229 3432 26.
241 3382 408 3448 frugalitas.
422 3382 480 3448 vgt.
498 3383 562 3446 ΧΗ,
579 3386 609 3442 1,
625 3385 657 3433 8:
745 3401 789 3450 23,
810 3400 921 3449 codice&
942 3395 1001 3460 νει,
1017 3396 1040 3462 5.
1057 3396 1098 3445 33.

95 3520 99 3529 Ι
150 3450 285 3514 Ᾰὲθοηθη
305 3452 342 3502 “d
354 3453 533 3535 Pel'ffll'emdm
554 3452 657 3500 ΜΨ
736 3482 885 3546 fuct'eudus
904 3496 969 3529 etrus
1006 3480 1093 3543 vgl.2
1131 3478 1163 3541 23
1183 3495 1215 3528 zu

150 3532 212 3566 rum
232 3518 337 3570 latores
363 3519 658 3585 necessartaftmga·
701 3549 881 3617 βοηθῇ,
978 3517 984 3542 ’
1104 3516 1110 3542 '

150 3585 657 3655 litua?Quidiga'turexlibt'dinc

149 3653 346 3706 ac'lurcurt'a
366 3663 440 3723 spei?
457 3657 656 3708 blansiehtaus
764 3667 814 3702 uae
830 3679 865 3686 -
884 3653 1027 3699 inclamant
1052 3664 1134 3712 „was
1161 3648 1214 3698 sloh

150 3722 197 3771 den
212 3719 387 3786 Gegensttzen
407 3741 439 3776 an
458 3727 543 3776 dieser
564 3725 654 3786 Stelle,
709 3670 1014 3784 andnudrlingenplleg't“‚
1030 3718 1055 3766 in
1066 3725 1146 3767 etwas
1157 3716 1216 3767 vier-

148 3790 174 3840 in
187 3791 234 3840 wie
249 3792 435 3854 ausgedebnter
448 3792 654 3857 necentungQu.
708 3788 869 3840 sehiedenem
878 3786 954 3836 Sinne
967 3801 1016 3836 von
1031 3786 1055 3852 ᾗ.
1067 3787 1099 3836 16
1112 3789 1140 3835 in
1152 3800 1214 3835 ocu·

140 3860 298 3927 frugalitas
312 3861 408 3911 nimmt.
707 3859 747 3910 los
759 3862 913 3913 incurrunt.
928 3852 1048 3906 Derllat.
1064 3855 1098 3906 ist
1111 3869 1157 3905 ane
1171 3854 1216 3903 der
