2800 4748
212 401 253 464 52
603 409 710 464 aanor
722 409 753 460 ν.
770 407 879 472 §.n-a.

213 569 296 632 libris
320 569 390 632 dicit
412 567 577 632 factitasse.
620 562 652 624 ld
668 562 774 624 Cicero
796 557 850 622 sua
865 558 931 642 ipse
947 577 1073 641 persona
1090 559 1278 638 frequentis·
1386 627 1387 648 ,

213 655 289 718 sime
305 653 463 737 praecipit,
493 650 562 732 quin
583 647 673 710 etiam
690 645 783 709 libros
799 643 934 708 Platonis
958 653 1047 724 atque
1062 642 1280 724 Xenophontis
1386 663 1387 712 3

213 740 305 804 edidit
321 740 376 802 hoc
392 756 501 820 genere
525 732 699 798 translatos.
739 731 770 794 ld
785 727 933 794 Messalae
950 727 1078 811 placuit,
1103 730 1278 810 multaeque

212 824 333 890 suntab
350 843 386 884 eo
401 820 533 903 scriptae
548 821 587 884 ad
602 818 681 881 huno
698 817 816 880 modum
832 815 1006 892 orationes,
1030 813 1106 889 adeo
1130 823 1163 876 ut
1185 815 1281 878 etiam

212 929 277 972 cum
300 907 350 970 illa
365 905 527 990 Hyperidis
551 926 605 989 pro
620 904 740 988 Phryne
761 901 927 966 difficillima
944 897 1087 996 Romanis
1111 899 1279 964 subtilitate
1386 905 1387 978 j

177 1005 193 1053 3
217 993 425 1055 contenderet.
464 991 503 1052 Et
525 992 682 1054 manifesta
710 999 757 1052 est
786 986 1015 1052 exercitationis
1039 985 1162 1048 huiusce
1183 985 1274 1052 ratio.

212 1076 289 1140 Nam
312 1088 342 1140 et
363 1097 463 1140 rerum
488 1076 574 1159 copia
596 1074 704 1138 Graeci
727 1085 867 1137 auctores
887 1073 1039 1136 abundant
1068 1081 1098 1133 et
1119 1071 1277 1155 plurimum
1386 1141 1387 1144 Ἴ

213 1161 289 1225 artis
312 1161 344 1225 in
360 1163 560 1245 eloquentiam
575 1161 762 1235 intulerunt,
784 1169 816 1221 et
830 1159 884 1222 hos
908 1156 1157 1222 transferentibus
1173 1156 1277 1220 verbis
1386 1172 1387 1219 l

213 1248 256 1310 uti
273 1248 393 1331 optimis
408 1248 498 1324 licet,
517 1247 654 1312 omnibus
669 1245 750 1309 enim
763 1243 875 1308 utimur
890 1243 1016 1307 nostris.
1048 1243 1172 1324 Figuras
1185 1261 1274 1318 vero,
1386 1317 1387 1320 Ἴ

215 1331 321 1414 quihus
344 1334 474 1398 maxime
496 1343 618 1397 ornatur
641 1331 756 1407 oratio,
780 1329 887 1392 multas
909 1350 943 1392 ac
960 1327 1060 1392 varlas
1084 1326 1278 1410 excogitandi

213 1417 303 1480 etiarn
319 1418 486 1480 necessitas
507 1418 648 1498 quaedam
671 1426 735 1491 est,
765 1415 833 1496 quia
857 1415 1029 1496 plerimque
1045 1437 1061 1476 a
1079 1413 1202 1476 Graecis
1218 1413 1278 1476 Ro-

212 1519 301 1562 mana
317 1501 512 1562 dissentiunt.

177 1597 193 1645 4
301 1582 358 1645 Sed
374 1594 404 1646 et
418 1583 468 1646 illa
486 1607 529 1648 em
544 1584 671 1649 Latinis
686 1588 849 1650 conversio
865 1585 987 1648 multum
1010 1594 1041 1646 et
1061 1584 1127 1666 ipsa
1143 1583 1277 1648 contule·
1386 1641 1387 1648 ,

211 1669 261 1730 rit.
300 1665 344 1730 A'c
368 1669 404 1732 de
428 1670 609 1734 carminibus
627 1672 743 1753 quidem
766 1671 914 1734 neminem
931 1671 1021 1734 credo
1038 1669 1189 1746 dubitare,
1216 1691 1274 1752 quo
1386 1751 1387 1754 Ἴ

212 1752 276 1814 solo
292 1771 403 1836 genere
420 1754 649 1817 exercitationis
666 1755 776 1816 dicitur
791 1775 862 1817 usus
879 1775 946 1816 esse
963 1753 1123 1836 Sulpicius.
1153 1753 1230 1816 Nam
1247 1767 1278 1817 et
1386 1757 1387 1830 j

212 1835 346 1900 sublimis
368 1837 491 1921 spiritus
513 1838 650 1901 attollere
677 1841 843 1902 orationem
858 1849 973 1921 potest,
1008 1849 1037 1900 et
1052 1840 1145 1902 verba
1161 1841 1278 1923 poetica
1386 1887 1387 1910 ι

211 1921 350 1986 libertate
365 1923 523 1987 audaciora
544 1915 604 1986 rlon
619 1932 814 2008 praesumunt
836 1923 940 1985 eadem
957 1923 1076 2006 proprie
1100 1924 1217 1988 dicendi
1233 1928 1277 1988 fa·
1386 1913 1387 1990 l

212 2008 363 2070 cultatem.
389 2009 446 2072 Sed
463 2019 493 2070 et
508 2009 580 2092 ipsis
596 2009 757 2074 sententiis
774 2007 905 2073 adiicere
919 2009 990 2072 licet
1005 2011 1169 2087 oratorium
1185 2008 1278 2074 robur
1375 2053 1387 2089 ,ι

169 2105 184 2150 5
215 2104 246 2155 et
261 2093 371 2158 omissa
386 2094 542 2178 supplere,
561 2095 654 2157 effusa
670 2096 886 2178 substringere.
924 2095 1029 2177 Neque
1045 2115 1101 2178 ego
1118 2097 1277 2180 paraphra·
1386 2101 1387 2136 ³

214 2177 270 2238 sim
287 2197 354 2240 esse
371 2179 650 2263 interpretationem
675 2191 788 2243 tantum
810 2181 879 2243 volo
905 2182 957 2243 sed
975 2180 1055 2242 circa
1072 2181 1190 2244 eosdem
1208 2203 1277 2246 sen·
1386 2181 1387 2212 ³

213 2280 264 2322 sus
280 2272 432 2326 certamen
448 2275 536 2347 atque
551 2265 789 2328 aemulationem.
829 2265 958 2350 Ideoque
979 2265 1014 2328 ab
1037 2265 1098 2329 illis
1116 2267 1273 2344 dissentio,
1386 2260 1387 2274 ¹

212 2346 261 2426 qui
277 2357 396 2410 vertere
412 2349 564 2412 orationes
580 2351 702 2412 Latinas
726 2360 847 2422 vetant,
874 2352 941 2429 quia
966 2349 1084 2430 optimis
1108 2351 1273 2432 occupatis,
1289 2415 1292 2420 ,
1386 2383 1387 2390 ι

213 2429 351 2512 quidquid
369 2432 456 2495 aliter
472 2433 648 2510 dixerimus,
667 2452 791 2496 necesse
807 2432 847 2494 sit
862 2453 930 2494 esse
947 2433 1088 2494 deterius.
1127 2433 1202 2494 Nam
1220 2456 1274 2496 ne-

212 2536 268 2599 que
284 2535 402 2602 semper
417 2531 463 2582 est
478 2520 691 2604 desperandum
709 2517 818 2602 aliquid
833 2516 910 2595 illis,
928 2537 1002 2600 quae
1018 2517 1095 2578 dicta
1111 2529 1191 2593 sunt,
1210 2539 1274 2581 me·
1380 2585 1387 2602 ,

213 2599 270 2662 lius
287 2623 375 2685 posse
390 2599 534 2690 reperiri3
562 2627 657 2690 neque
681 2607 754 2670 adeo
778 2603 908 2668 ieiunam
932 2624 965 2666 ac
980 2623 1140 2687 pauperem
1162 2615 1272 2668 natura

213 2685 412 2770 eloquentiam
431 2691 513 2768 lecit,
527 2702 559 2754 ut
575 2713 632 2756 una
650 2692 684 2756 de
700 2713 733 2755 re
748 2689 895 2754 benedici
912 2688 970 2753 nisi
981 2689 1073 2754 semel
1091 2709 1149 2751 non
1164 2689 1270 2773 possit.

176 2781 192 2828 6
215 2769 281 2834 Nisi
297 2773 374 2836 forte
391 2775 568 2840 histrionum
585 2776 677 2840 multa
700 2777 778 2842 circa
794 2797 884 2840 voces
902 2777 1022 2840 easdem
1038 2775 1154 2838 variare
1172 2786 1273 2858 gestus

243 2953 375 3020 Cicero-
382 2981 527 3036 mactetur.
547 2978 712 3045 EiueStelle,
766 2983 813 3032 der
824 2983 1003 3047 Angeklagteu
1022 2983 1059 3032 als
1079 2983 1119 3032 die
1132 2979 1215 3033 Runst
1229 2983 1273 3036 des

206 3054 245 3088 wo
260 3036 350 3088 Cicero
370 3040 423 3089 dies
444 3043 625 3094 ansdriickllcb
645 3050 712 3112 thut,
765 3050 959 3117 Vertbeidigers
973 3052 1020 3102 den
1037 3051 1097 3115 Sieg
1110 3052 1201 3101 dauon.

206 3107 241 3157 ist
259 3107 329 3159 nicht
345 3108 416 3166 mehr
433 3109 595 3176 verbanden,
617 3115 713 3177 jedoeh

207 3177 334 3240 empliehlt
347 3167 377 3228 er‘
393 3178 440 3229 das
453 3177 567 3229 Studium
579 3181 625 3232 des
639 3179 715 3233 Grie-
765 3151 975 3266 fflswu'l‘j.
991 3154 1204 3233 prfiilfflllllwhl
1231 3154 1271 3236 dle

206 3243 325 3293 chlschen
339 3247 372 3296 pm
384 3247 499 3311 Ansam
514 3249 560 3299 del,
571 3249 669 3302 michel,
682 3251 713 3302 de
788 3234 805 3300 r¹
829 3233 910 3284 arung
922 3222 1081 3284 crgrehtstch
1091 3221 1168 3286 aus§.
1179 3223 1273 3286 bapto-

207 3306 303 3358 Officiis
317 3313 366 3360 und
380 3316 410 3363 de
424 3316 539 3368 Finibus.
765 3301 817 3336 '⁷¹²⁸
831 3294 980 3355 ‘’mulmis‘-

240 3393 364 3446 Plutonia
375 3397 484 3448 -Xano
506 3404 610 3458 tontis,
622 3407 711 3457 (licem
792 3393 914 3458 figuras.
924 3391 983 3441 'Die
991 3393 1127 3444 Definition
1137 3393 1209 3456 Qu's
1221 3373 1271 3442 ron

206 3463 250 3512 hut
261 3478 310 3514 vou
320 3459 408 3514 Platon
422 3466 469 3514 den
479 3417 601 3522 'limaeus
615 3492 640 3524 u,
649 3473 711 3526 ppo.
755 3461 855 3523 figura
869 3462 904 3510 ist
916 3459 961 3519 lX,
978 3461 1001 3519 l,
1017 3462 1047 3507 4:
1063 3467 1105 3508 eat
1117 3462 1271 3521 conforma-

205 3537 325 3596 lagonas,
346 3548 394 3583 von
406 3529 547 3600 Xenophon
567 3539 614 3588 den
630 3539 710 3590 Oeno*
764 3531 804 3574 ‘5⁰
823 3527 955 3588 quasdam
976 3541 992 3572 α
1011 3529 1146 3573 ⁰⁰¹''m2m2'
1167 3529 1196 3600 ,⁶⁸
1210 3529 1270 3600 pri-

205 3601 319 3652 nompeus
333 3601 471 3654 qbersetzq'
761 3605 835 3638 onum
845 3593 1129 3655 reoffercnterationo.
1143 3589 1268 3640 lltersrnd

238 3667 381 3721 Messalae,
403 3671 429 3723 s,
446 3673 457 3722 1
464 3709 470 3736 ‚
484 3671 542 3723 113,
763 3655 803 3706 dle
817 3655 1031 3719 grammatischcn
1041 3671 1073 3704 zu
1085 3656 1232 3708 verstehen.

238 3753 397 3818 Hyperidis.
412 3758 439 3808 S.
456 3759 479 3822 1,
496 3759 536 3810 77.
552 3757 577 3809 ln
588 3757 711 3812 deanro-
796 3760 821 3809 4.
854 3773 888 3808 ecc
912 3755 1017 3808 tartara
1042 3763 1196 3810 conversio·
1220 3761 1268 3814 Die

203 3835 277 3872 cesse
294 3822 424 3888 librigens,
439 3828 484 3878 der
497 3824 612 3894 Phryne,
640 3830 711 3880 einer
762 3825 940 3878 Construction
955 3823 1083 3878 desVerbi
1097 3829 1157 3896 geht
1170 3831 1268 3882 anldns

205 3889 284 3940 durch
294 3889 349 3940 ihre
357 3891 496 3946 Schdnheit
503 3897 651 3950 hartihmteu
660 3897 710 3948 lle-
762 3895 848 3947 Subst.
863 3893 966 3943 verbale
990 3893 1060 3946 iiber.
1091 3895 1149 3964 Vgl.
1164 3898 1225 3963 Vll,
1241 3901 1267 3964 2,

205 3959 271 4022 t'a're,
284 3959 380 4010 welche
394 3962 439 4012 der
451 3959 561 4028 ἀσέβεια
575 3965 710 4031 aageklagt
761 3965 793 4014 35
808 3983 843 4016 em
855 3966 943 4014 causis
953 3965 1094 4029 probatio.
1109 3967 1214 4034 Zumpts
1223 3967 1267 4018 Gr.

205 4042 274 4091 war,
294 4035 352 4092 trng
364 4030 435 4082 mehr
447 4032 487 4082 die
502 4035 594 4086 achtine
609 4034 709 4088 Gestalt
761 4034 784 4098 δ.
805 4035 864 4086 681.
