2800 4748
522 381 825 447 mmmmm.
1162 367 1200 428 13

222 533 315 615 lgitur
331 543 364 598 ut
378 532 488 596 Aratus
511 532 550 594 cd
567 533 639 596 Iooe
659 533 866 616 accipiendam
889 543 988 615 putat,
1013 533 1055 596 ita
1070 553 1125 597 nos
1140 535 1198 598 rite
1214 549 1247 598 46

136 618 271 700 coepturi
292 618 328 680 ab
344 618 479 681 Homero
503 616 649 680 videmur.
689 615 743 679 llic
763 616 861 694 euim,
887 618 1132 698 quemadmodum
1156 642 1199 682 ecc

141 699 265 765 Oceano
282 702 354 764 dicit
368 703 432 784 ipse
444 702 788 787 emniumfontr'umque
805 722 917 764 curares
932 705 1055 765 mitium
1068 725 1193 788 cepere,

136 786 274 850 omnibus
291 785 478 867 eloquentiae
494 785 625 868 partibus
642 786 810 868 exemplum
826 795 856 846 et
871 797 969 850 ortum
986 786 1075 850 dedit.
1108 787 1193 851 llunc

136 889 226 940 nemo
241 870 274 932 in
289 871 404 952 magnis
418 871 508 934 rebus
525 870 723 947 sublimitate,
748 869 779 931 in
794 869 893 952 parvis
915 871 1095 954 proprietate
1111 893 1198 957 supe·

134 956 262 1018 raverit.
289 955 368 1017 Idem
385 955 480 1018 laetus
497 975 532 1016 ac
546 974 680 1038 pressus,
697 955 844 1018 iucundus
860 966 890 1017 et
905 956 1017 1038 gravis,
1036 967 1097 1021 tum
1114 958 1198 1041 copia

135 1048 199 1101 tum
214 1039 361 1104 brevitate
377 1039 539 1118 mirabilis,
564 1061 619 1102 nec
633 1041 747 1122 poetica
757 1041 849 1102 modo
866 1041 918 1102 sed
940 1042 1072 1104 oratoria
1088 1043 1197 1106 virtute

135 1125 401 1190 eminentissimus.
425 1125 502 1188 Nam
519 1135 551 1187 ut
567 1127 602 1187 de
618 1125 771 1200 laudibus,
790 1125 1068 1202 exhortationibus,
1092 1148 1198 1190 conso·
1213 1141 1246 1190 47

48 1285 52 1292 Ι
135 1209 296 1275 lationibus
312 1222 439 1287 taceam,
457 1230 557 1273 noune
573 1210 623 1280 vel
639 1230 735 1273 nonus
751 1210 845 1285 liber,
864 1231 921 1290 quo
937 1210 1029 1272 missa
1045 1210 1079 1272 ad
1096 1209 1197 1274 Achil-

135 1294 194 1356 lem
209 1295 318 1377 legatio
335 1297 521 1371 continetur,
539 1295 589 1358 vel
603 1295 636 1357 in
652 1295 747 1378 primo
763 1295 843 1355 inter
857 1294 947 1358 duces
964 1293 1014 1355 illa
1031 1296 1194 1370 eontentio,

134 1379 184 1442 vel
207 1381 301 1443 dictae
324 1380 357 1442 in
380 1381 510 1444 secundo
526 1379 694 1443 sententiae
711 1400 814 1442 omnes
839 1378 935 1446 litium
952 1399 987 1440 ac
1002 1379 1195 1442 consiliorum

136 1463 288 1544 explicant
309 1466 410 1526 artes?
439 1465 571 1527 Allectus
594 1465 711 1547 quidem
726 1465 777 1528 vel
799 1464 867 1527 illos
890 1463 978 1526 mites
993 1464 1042 1526 vel
1057 1464 1111 1528 hos
1128 1487 1198 1528 con·
1214 1477 1247 1530 48

137 1547 263 1624 citatos,
282 1569 370 1611 nemo
387 1548 444 1611 erit
459 1559 519 1610 tam
534 1549 682 1627 indoctus,
701 1550 749 1632 qui
765 1571 826 1612 non
841 1549 873 1611 in
888 1571 943 1612 sua
957 1559 1104 1631 potestate
1121 1550 1199 1613 hunc

137 1644 289 1697 auctorem
313 1633 452 1714 habuisse
475 1635 613 1696 fateatur.
652 1634 716 1717 Age
731 1654 824 1710 vero,
853 1655 914 1696 nou
929 1635 1083 1716 utriusque
1100 1635 1198 1717 operis

135 1719 290 1801 ingressus
302 1719 332 1781 in
345 1719 531 1802 paucissimis
547 1719 684 1782 versibus
701 1719 796 1804 legem
812 1720 1045 1802 prooemiorum,
1061 1741 1122 1783 nou
1133 1720 1198 1783 dico

135 1805 280 1880 servavit,
299 1806 351 1867 sed
367 1804 545 1868 constituit?
565 1804 642 1867 Nam
658 1816 688 1867 et
701 1804 880 1867 benevolum
896 1805 1061 1866 auditorem
1076 1805 1197 1873 invoca·
1248 1797 1254 1816 '

135 1889 218 1950 tione
234 1890 383 1964 Boanum,
402 1910 474 1971 quas
491 1890 661 1972 praesidere
676 1889 795 1952 vatibus
811 1888 955 1949 creditum
973 1898 1036 1962 est,
1055 1899 1085 1948 et
1099 1889 1196 1950 inten-

135 1983 198 2034 tum
222 1974 373 2055 proposita
395 1993 497 2036 rerum
516 1974 719 2056 magnitudine
742 1983 772 2032 et
787 1970 912 2031 docilem
927 1989 1041 2032 summa
1057 1971 1196 2034 celeriter

137 2056 351 2139 comprehensa
367 2058 447 2119 lacit.
487 2057 621 2119 Narrare
635 2075 709 2117 vero
726 2053 935 2136 quisbrevius
952 2074 1038 2135 quam
1054 2056 1103 2135 qui
1119 2077 1198 2118 mor·
1213 2068 1245 2117 49
1292 2063 1295 2067 ’

136 2151 197 2202 tem
214 2140 329 2203 nuntiat
345 2141 491 2216 Patrocli,
518 2141 583 2223 quis
599 2139 815 2223 significantius
822 2147 946 2286 potest,
971 2159 1056 2220 quam
1072 2141 1121 2223 qui
1138 2139 1195 2203 Cu-

134 2237 231 2288 retum
247 2225 479 2308 Aetolorumque
494 2225 639 2309 proelium
657 2224 802 2308 exponit?
839 2245 885 2286 am
898 2223 1117 2302 similitudines,
1136 2247 1197 2289 am-

134 2431 204 2481 Part.
219 2429 277 2480 Fut.
291 2430 333 2480 hei
351 2430 446 2480 diesem
459 2429 593 2480 ausdruck
605 2430 640 2480 ist
684 2429 737 2488 ,das
748 2443 834 2493 genos
847 2428 1031 2492 laudativum,
1045 2428 1199 2479 deliberati·

133 2499 175 2549 bei
189 2498 237 2563 Qu.
252 2499 322 2549 nicht
340 2499 437 2562 selten3
460 2515 484 2547 z.
499 2499 528 2548 Β,
543 2496 580 2562 V,
595 2497 637 2550 Pr.
691 2513 752 2547 uum
765 2514 787 2546 r.
802 2500 957 2546 suasorium
969 2497 1020 2546 und
1040 2497 1178 2546 iudiciale.

134 2570 166 2617 5:
185 2569 250 2617 llius
260 2573 410 2633 praecepto
426 2570 465 2616 ric
476 2570 576 2631 optime
589 2566 640 2616 di·
727 2570 812 2628 crtee,
827 2561 1052 2628 ,‚ttunstrege1n“,
1064 2563 1145 2628 wie§.
1156 2565 1197 2614 15.

135 2639 186 2685 vit
195 2639 252 2685 W
263 2636 394 2685 mamur-
414 2632 472 2697 νει·
488 2635 513 2698 2,
527 2633 568 2683 18·
596 2641 599 2648 ’
726 2649 768 2697 48,
790 2649 911 2714 Affectus
923 2675 956 2682 -
970 2651 1130 2698 concitatos.
1152 2647 1199 2698 llit

165 2739 348 2800 proprietate,
360 2733 639 2798 „Augemesseuheppq
692 2718 754 2767 illos
767 2715 817 2764 und
832 2717 879 2766 dor
893 2715 980 2765 deutet
993 2715 1041 2779 Qu.
1057 2715 1105 2765 auf
1112 2715 1157 2779 Vl,
1173 2717 1197 2780 2,

68 2827 71 2830 <
136 2782 1198 2868 mmmmmwmumssummufflfflwwm

134 2875 326 2934 ,navumque
345 2874 387 2920 m·
403 2871 560 2934 appellatio·
587 2870 642 2920 per
693 2852 827 2903 affectuum
853 2850 989 2901 behaudelt
1011 2852 1061 2901 und
1083 2852 1197 2916 aufuhrt,

134 2939 172 2990 Ge
190 2947 278 2990 ensatz
288 2939 344 2988 hier
356 2938 390 2988 ist
403 2939 565 2989 sublimitas.
580 2936 603 2987 V
621 2938 640 2987 l.
693 2921 762 2983 Μεθ’
777 2935 830 2970 was
844 2919 884 2970 dle
895 2918 1019 2974 Gfieclten
1032 2913 1125 2977 πάθος
1137 2936 1199 2970 nen-

133 3008 158 3074 5,
173 2957 220 3058 laq,
604 2953 620 3002 g
692 3003 750 3052 nen,
765 2988 843 3037 durch
857 2991 971 3054 offertus
984 2993 1134 3040 concitatos
1147 2988 1198 3038 und

167 3094 265 3154 laetate,
291 3091 445 3155 ,‚bliilucnd“
459 3107 516 3141 vom
530 3090 640 3141 Solarilt-
689 3047 860 3188 ἐῗίἕθῗᾚ
872 3060 962 3189 §msslgs
970 3056 1197 3174 quiedergegellen

132 3163 222 3213 steller
233 3161 282 3210 wie
294 3175 344 3210 von
356 3161 403 3209 der
414 3158 561 3210 Selrreibart
585 3177 601 3210 v
618 3161 636 3209 l.
779 3196 784 3206 .
961 3195 966 3206 .

131 3228 305 3292 V111‚3,87:
332 3231 410 3294 eopia
415 3229 535 3293 floridus
548 3177 637 3292 1120th
690 3198 1102 3310 Holsstrffiqngethguffr⁰⁸⁸w
1136 3193 1196 3261 Vssl'

133 3296 331 3361 derGegensatz
344 3295 380 3344 ist
388 3310 509 3359 pressae,
523 3296 639 3346 dieAus-
746 3298 752 3310 ’
834 3277 849 3326 P
897 3297 903 3310 ’
995 3297 1001 3310 “

133 3372 226 3427 artuug
251 3363 409 3412 tramaricam
433 3361 510 3425 (Xll,
525 3364 572 3426 10,
587 3364 636 3412 80:

132 3435 232 3484 lactc
257 3447 310 3482 nou
336 3430 554 3494 decuriata),
582 3445 640 3480 cor·

130 3507 230 3568 ruptus
243 3501 269 3565 2,
286 3500 333 3562 163
348 3498 410 3548 ibid.
425 3498 510 3548 acilia
523 3499 561 3549 als
574 3497 640 3549 dus·

130 3578 223 3634 artung
234 3585 283 3620 von
293 3583 406 3635 precene
412 3606 420 3630 ,
436 3566 482 3617 der
494 3565 638 3632 Gegensatz

132 3639 236 3689 hiervou
255 3637 425 3687 abundantes
443 3634 508 3699 ΧΗ,
524 3637 570 3699 10,
594 3637 636 3686 ts.
690 3675 763 3719 tem·

133 3706 274 3772 inflatilb·
291 3706 333 3755 ¹⁶·
684 3799 689 3803 .
724 3733 1035 3800 qaas-credaeumeet.
1058 3732 1194 3789 Ueberdie

167 3807 210 3855 47,
229 3806 257 3856 ln
282 3807 378 3856 diesem
399 3805 424 3870 ξ.
442 3806 497 3855 sind
517 3804 557 3853 die
583 3802 637 3852 drei
691 3799 1176 3868 Consuuctionvgt.t,1.u.1,125.

133 3873 356 3938 Hauptgattungen
370 3873 416 3923 der
427 3871 496 3924 Reda
507 3911 514 3936 ,
540 3870 637 3920 welche
723 3868 767 3918 49.
777 3871 826 3931 qni
832 3873 992 3920 -uunte'at
1002 3871 1151 3926 Antilochus
1163 3874 1193 3925 ll.

132 3957 182 3992 von
206 3942 253 3990 deu
273 3939 441 3992 Rhetorikern
460 3937 636 4005 gemeiniglielu
688 3934 783 3998 XVlll,
804 3936 846 3986 20.
871 3964 906 3974 —
931 3939 1061 3990 Curetum
1083 3942 1195 3993 Aetolo-

131 4008 456 4073 untersoluiedanwurden,
472 4007 634 4074 ongeeeutet,
689 4006 949 4072 remqueproela'um
961 4007 991 4060 Π·
1007 4006 1053 4071 lx,
1068 4008 1117 4058 525
1126 4025 1181 4075 sqq.

723 3329 841 3390 cambus,
857 3329 903 3378 der
915 3327 1075 3379 leierlielrere
1087 3345 1113 3379 u.
1126 3339 1195 3396 poet.

690 3394 824 3446 ausdruck
833 3396 970 3460 l'rirpoetu.
985 3396 1042 3462 Vgl.
1053 3397 1116 3449 Tac.
1126 3399 1194 3448 Dial.

690 3463 716 3528 9,
732 3464 761 3512 3:
777 3463 896 3515 Sclm'om
909 3471 1044 3528 nostrum,
1059 3470 1197 3530 egregium

686 3536 840 3599 poetam,
854 3534 905 3597 cel,
919 3537 945 3583 ci
955 3535 1005 3582 ltoo
1019 3534 1197 3594 honorificen-

690 3604 747 3650 tior
772 3607 830 3662 ert,
858 3601 1115 3666 praeclarissimum
1139 3615 1197 3651 oa-

1378 4157 1382 4231 l
