2800 4748
171 491 174 498 ι
223 409 263 470 56
591 421 747 474 carerv.
762 422 785 487 ξ.
799 423 909 472 17-22.

224 577 378 662 digressus
395 578 453 654 sit,
470 577 677 652 assuefacere,
696 593 734 637 ne
750 575 786 637 ab
802 575 868 651 illa,
894 575 927 638 iu
942 593 998 657 qua
1016 593 1108 659 prope
1123 597 1293 640 consenue-

224 663 299 742 rint,
316 663 421 726 umbra
436 683 511 724 vera
526 660 697 724 discrimine
713 661 798 723 velut
812 661 960 742 quendam
976 659 1069 722 solem
1080 661 1292 725 reformident.

177 761 207 810 18
226 749 308 829 Quod
324 749 469 811 accidisse
485 746 575 808 etiarn
591 743 698 809 Porcio
714 745 859 823 Latroni,
878 746 927 827 qui
943 745 1056 829 primus
1072 747 1145 810 clari
1162 748 1294 810 nominis

226 835 380 918 professor
396 831 462 908 luit,
480 831 620 908 traditur,
639 842 673 893 ut
688 851 754 893 cum
770 831 817 909 ei,
836 851 981 895 summam
997 831 1029 893 in
1044 832 1156 896 subolis
1178 833 1295 915 opinio—

226 939 293 981 nem
309 917 477 995 obtinenti,
503 939 594 981 cause
615 915 647 978 in
670 917 737 978 foro
752 926 835 981 esset
850 918 982 993 oranda,
1006 917 1141 1002 impense
1156 918 1291 1001 petierit,

224 1003 268 1066 nti
284 1002 427 1066 subsellia
442 1003 474 1065 in
488 999 641 1086 basilicam
658 1004 909 1067 nanciscerentur.
935 1003 979 1065 lta
994 1002 1039 1065 illi
1055 1004 1168 1066 coelum
1182 1025 1293 1066 novum

225 1087 298 1164 tuit,
324 1098 357 1152 ut
372 1089 468 1152 omnis
484 1088 550 1151 eius
566 1087 737 1170 eloquentia
754 1089 903 1152 contineri
922 1099 1003 1151 tecto
1019 1109 1053 1150 ac
1070 1081 1232 1171 parietibuis
1247 1088 1295 1150 vi-

178 1183 210 1232 19
227 1173 359 1235 deretur.
392 1173 491 1251 Quare
507 1173 643 1249 iuvenis,
661 1173 710 1255 qui
726 1174 874 1236 rationem
889 1172 1061 1235 inveniendi
1077 1173 1314 1254 eloquendique

228 1279 245 1321 a
262 1258 505 1406 praeceptoribus
521 1259 679 1342 diligenter
694 1260 860 1342 acceperit3
878 1259 953 1340 quod
963 1276 1023 1319 uon
1037 1268 1086 1321 est
1100 1257 1208 1320 infiniti
1222 1279 1296 1342 ope·

228 1344 290 1421 ris,
315 1344 341 1407 si
383 1363 473 1408 oeere
495 1344 593 1407 sciant
615 1355 646 1406 et
659 1342 776 1422 velint,
804 1341 1051 1405 exercitationem
1069 1363 1185 1426 quoque
1201 1344 1296 1407 modi·

229 1449 294 1492 cam
310 1430 401 1492 luerit
417 1439 619 1506 consecutus,
636 1439 788 1491 oratorem
804 1428 861 1492 sibi
877 1427 1024 1510 aliquem,
1047 1429 1124 1510 quod
1140 1429 1215 1513 apud
1231 1450 1296 1491 ma-

229 1514 311 1577 iores
333 1513 398 1578 ieri
422 1513 556 1591 solebat,
582 1513 711 1596 deligat,
736 1531 821 1595 quen
846 1523 1007 1596 sequatur,
1030 1533 1117 1597 quem
1139 1515 1293 1593 imitetur,

228 1598 348 1662 iudiciis
363 1599 482 1663 intersit
497 1619 581 1684 quam
597 1598 732 1683 plurimis
748 1609 779 1660 et
794 1599 834 1662 sit
850 1599 1033 1678 certaminis,
1051 1600 1098 1662 cui
1113 1600 1295 1680 destinatur,

181 1693 213 1744 2ο
230 1685 369 1768 frequens
385 1694 548 1767 spectator.
575 1684 651 1748 Tum
667 1703 774 1747 causas
790 1685 838 1747 vel
855 1684 986 1761 easdem,
1004 1705 1078 1766 quas
1094 1687 1142 1767 agi
1153 1686 1295 1762 audierit,

230 1769 300 1833 stilo
317 1769 425 1854 etipse
441 1779 617 1854 componat,
635 1771 684 1832 vel
700 1769 788 1830 etiam
806 1769 880 1831 alias
894 1785 986 1830 veras
1001 1769 1089 1831 modo
1112 1782 1142 1831 et
1157 1772 1297 1851 utrinque

231 1863 340 1918 tractet
354 1865 396 1932 et,
415 1853 491 1937 qnod
508 1855 538 1916 iu
548 1853 762 1936 gladiatoribus
778 1853 843 1914 lieri
853 1854 1001 1929 videmus,
1020 1855 1198 1918 decretoriis
1206 1874 1297 1918 exer-

231 1950 355 2016 ceatur,
379 1951 411 2002 ut
432 1939 541 2003 fecisse
564 1940 687 2002 Brutum
711 1937 841 2001 mximas
870 1959 924 2023 pro
944 1937 1069 2002 Milone.
1094 1940 1218 2003 ‘Melius
1242 1939 1298 2002 hoo

232 2043 318 2106 quam
334 2023 502 2087 rescribere
517 2024 672 2087 veteribus
687 2024 893 2103 orationibus,
920 2034 954 2086 ut
970 2025 1042 2088 iecit
1057 2025 1176 2089 Cestius
1193 2037 1298 2090 contra
1370 2071 1384 2094 .-

232 2107 387 2173 Ciceronis
410 2111 558 2174 actionem
579 2109 709 2173 babilam
725 2107 780 2192 pro
803 2110 929 2188 eodem,
954 2131 1020 2174 eum
1043 2112 1166 2174 alteram
1184 2123 1297 2195 partem

231 2193 305 2256 satis
321 2214 411 2258 nosse
428 2215 488 2258 uon
502 2205 605 2278 posset
619 2217 661 2260 ex
676 2195 740 2257 sola
755 2195 942 2259 defensione.
1240 2226 1244 2232 ·

183 2288 213 2337 21
317 2278 413 2342 Citius
436 2289 533 2342 autern
557 2280 685 2343 idonens
702 2280 760 2342 erit
774 2280 911 2355 iuvenis,
934 2301 1022 2362 quem
1038 2292 1215 2366 praeceptor
1230 2301 1298 2344 coe·

231 2360 310 2444 gerit
324 2361 355 2424 iu
372 2362 565 2427 declamando
581 2385 669 2448 quam
685 2364 866 2427 simillimum
884 2384 952 2426 esse
968 2367 1089 2428 veritati
1106 2377 1136 2428 et
1151 2386 1204 2449 per
1219 2378 1299 2429 totas

232 2447 279 2510 ire
302 2448 457 2525 materias,
481 2470 604 2532 quarum
628 2469 706 2510 nunc
727 2447 868 2510 facillima
891 2459 944 2510 ant
966 2448 1096 2510 maxime
1121 2449 1300 2512 favorabilia

235 2533 409 2617 decerpunt.
436 2533 562 2599 Obstant
574 2534 663 2610 buic,
680 2533 758 2618 quod
774 2532 905 2596 secundo
922 2533 988 2597 loco
1004 2533 1108 2616 posui,
1131 2535 1195 2598 fere
1210 2535 1299 2598 turba

234 2618 444 2701 discipulorum
461 2632 492 2684 et
506 2621 691 2684 consuetudo
699 2617 838 2683 classium
850 2617 942 2682 cerlis
956 2617 1060 2682 diebus
1069 2619 1297 2697 audiendarum,

235 2703 372 2766 nonnihil
387 2707 476 2769 etiam
493 2705 648 2788 persuasio
665 2715 781 2789 patrum
798 2705 1020 2768 numerantium
1036 2705 1133 2788 potius
1149 2705 1299 2768 declame-

186 2796 217 2848 22
234 2787 333 2852 dones
349 2810 435 2871 quam
451 2789 684 2855 aestimantium.
725 2789 782 2853 Sed
799 2792 876 2872 quod
893 2791 954 2854 dixi
971 2791 1087 2874 primo,
1106 2801 1140 2854 nt
1155 2791 1297 2867 arbitror,

235 2871 330 2949 libro,
349 2894 405 2938 uec
418 2875 469 2939 ille
484 2896 518 2938 se
533 2877 629 2940 bouus
646 2887 821 2960 praeceptor
836 2875 950 2939 maiore
966 2897 1090 2939 numero
1107 2898 1193 2958 quam
1210 2875 1301 2940 susti-

235 2956 302 3017 ueri
317 2959 412 3037 possit
429 2960 579 3037 onerabit,
598 2972 628 3024 et
643 2961 761 3025 inanem
779 2961 989 3042 loquacitatem
1004 2962 1135 3038 recidet,
1154 2973 1186 3024 ut
1201 2963 1301 3026 omnia

240 3059 316 3121 quae
331 3051 403 3103 sunt
418 3044 449 3103 in
465 3047 684 3121 controversia,
704 3068 776 3126 non,
793 3047 959 3128 estquidam
974 3048 1097 3122 volunt,
1116 3067 1190 3128 quae
1206 3048 1237 3108 in
1254 3067 1302 3108 re-

234 3229 337 3294 epalae,
353 3229 422 3282 nicht
435 3231 475 3282 die
489 3224 685 3298 ἆναγκοφαγία
699 3233 744 3282 der
829 3233 996 3294 opinionem,
1018 3229 1036 3279 i.
1051 3245 1075 3295 q.
1098 3229 1187 3299 ¹sriiber
1205 3236 1301 3282 caristi-

233 3290 363 3346 Atbleteu.
792 3301 890 3362 analio,
904 3298 956 3364 vgl.
972 3299 997 3360 t,
1014 3299 1056 3349 17.
1256 3348 1260 3358 ,

269 3379 302 3427 ap
316 3378 374 3428 spa,
393 3381 435 3430 Ap
455 3383 473 3432 q,
495 3399 519 3447 q,
536 3391 618 3449 Imp,
639 3386 687 3436 wie
705 3382 743 3433 pf.
828 3367 1300 3434 eausa—transserreatnr.Vgl.bl.

235 3451 275 3502 p„
293 3445 334 3496 hep
352 3444 401 3510 Qu,
416 3449 467 3496 ,md
488 3449 566 3499 sepo„
586 3453 646 3504 seq,
658 3451 744 3515 qqufig
794 3433 980 3487 Sen.Controv.
992 3435 1035 3486 lV.
1055 3435 1154 3486 Praei.a
1170 3437 1301 3487 declama·

234 3512 277 3564 bei
289 3513 379 3566 Livius
397 3515 460 3564 nach
480 3515 536 3565 dem
549 3516 684 3581 Vapgpnge
697 3521 743 3568 der
795 3507 883 3556 toriae
895 3507 1007 3553 virtutis
1016 3503 1164 3554 Latronem
1174 3503 1301 3554 Porcium

236 3581 353 3636 Dictum»,
399 3628 404 3640 ⁸
793 3571 903 3618 unicum
926 3571 1091 3685 exemplam,
1114 3585 1174 3618 aum
1189 3584 1240 3634 pro
1255 3586 1300 3622 reo

405 3691 411 3702 Ι
549 3688 555 3699 .
680 3682 685 3694 ,
795 3636 823 3682 a'n
841 3635 974 3700 Hispania
1018 3640 1106 3685 actico
1119 3635 1216 3687 Porcio
1234 3657 1300 3706 pro-

273 3685 315 3734 18·
329 3688 425 3738 Portw
438 3686 562 3738 lassiwm·
579 3681 626 3749 Mo
641 3680 744 3746 Ζθῑῑδθ·
793 3704 895 3768 pinque
907 3719 957 3753 aaa
971 3703 1085 3765 arceret,
1106 3717 1190 3770 usque
1203 3723 1232 3759 eo
1247 3726 1302 3760 esce

236 3763 311 3802 ”⁰⁸³⁰
325 3755 370 3805 ‘³⁰⁸
382 3755 523 3821 Ᾱΰδΰθῑῦθ·
796 3772 946 3836 suffusam,
962 3777 996 3820 nt
1007 3786 1023 3820 a
1035 3771 1192 3826 soloecismo
1201 3779 1300 3844 incipe-

267 3837 427 3906 proscaaor,
454 3843 493 3893 ein
514 3839 592 3892 Wort
617 3829 672 3892 aar*
685 3835 746 3889 ilai-
794 3845 848 3904 rat,
863 3856 910 3890 nec
922 3845 987 3890 ante
995 3842 1117 3907 patciaco
1131 3847 1299 3912 confirmari,

239 3902 350 3967 serzeit,
375 3921 424 3956 von
442 3911 575 3975 prqfitcra'
585 3915 674 3961 artem
686 3909 744 3958 ber·
796 3913 898 3960 tectam
914 3923 946 3959 ac
955 3913 1079 3975 parietes
1091 3910 1299 3978 desiderantem,

239 3971 354 4036 geleitet,
367 3973 519 4028 bezeicbuet
532 3979 579 4030 den
594 3977 693 4030 Lebrcr
705 3977 744 4026 ei·
796 3994 876 4044 quam
889 3981 1064 4045 impetrauit,
1079 3984 1111 4029 ut
1121 3980 1253 4032 iudicium
1266 3999 1300 4032 aa

240 4053 286 4090 ner
297 4037 389 4092 Ranae.
787 4049 858 4113 foro
870 4051 897 4098 a'n
911 4047 1050 4100 basilicam
1071 4050 1279 4115 traanerretur.
