2800 4748
443 413 447 422 ·
486 377 846 446 'carur1.§.1oe-11n.
1158 367 1195 428 31

138 537 191 599 hus
208 546 288 600 certe
305 546 335 598 et
350 533 621 607 commiseratione,
640 533 689 616 qni
705 534 762 595 duo
771 532 932 616 plurimum
948 536 1070 598 affectus
1083 536 1194 612 valent,

138 621 296 683 vincimus.
336 621 375 682 Et
396 621 526 682 fortasse
548 618 681 702 epilogos
703 617 752 686 illi
776 637 842 680 mos
865 617 996 683 civitatis
1020 619 1195 697 abstulerim

137 707 189 770 sed
205 715 236 767 et
251 705 336 768 nobis
352 704 420 778 illa,
445 724 520 783 quae
535 702 625 766 Attici
641 703 807 779 mirantur,
832 702 954 766 diversa
969 703 1070 766 Latini
1086 725 1200 768 sermo·

108 808 112 815 ·
137 793 184 852 nis
206 789 284 852 ratio
306 788 404 850 minus
434 787 614 869 permiserit,
654 787 688 848 ln
709 786 845 868 epistolis
867 787 1000 868 quidem,
1029 809 1196 869 quanquam

137 884 208 935 sunt
223 873 398 953 utriusque,
422 870 604 953 dialogisve,
629 869 734 952 qulbus
751 867 824 932 nihil
845 870 916 946 ille,
940 871 1021 934 nulla
1043 874 1196 936 contentio

138 967 195 1020 est.
236 955 406 1019 Cedendum
427 975 501 1019 vero
522 955 554 1017 in
569 955 625 1018 hoc
641 955 775 1036 quidem,
793 956 870 1036 quod
886 955 936 1018 ille
951 965 982 1018 et
997 956 1080 1038 prior
1094 957 1151 1020 fnit
1165 968 1195 1020 et
1212 970 1261 1020 108

138 1061 177 1104 ex
191 1063 300 1122 magna
316 1050 400 1122 parte
417 1040 609 1115 Ciceronem,
628 1050 754 1120 quantus
771 1049 835 1115 est,
853 1041 934 1103 fecit.
972 1038 1049 1104 Nam
1065 1041 1137 1104 milti
1153 1041 1198 1105 vi·
1292 1079 1301 1091 ι

136 1126 223 1188 detur
245 1126 286 1186 M.
314 1125 447 1201 Tullius,
480 1145 545 1188 cum
568 1144 602 1188 se
623 1134 716 1186 totum
737 1124 774 1186 ad
795 1124 992 1187 imitationem
1014 1124 1196 1188 Graecorum

136 1211 331 1286 contulisset,
356 1209 510 1272 effinxisse
525 1209 585 1271 vim
601 1207 829 1288 Demosthenis,
854 1209 969 1290 copiam
985 1208 1134 1285 Platonis,
1153 1209 1197 1272 iu·

136 1296 317 1359 condientem
334 1293 486 1358 Isocratis.
525 1291 588 1357 Nec
605 1313 678 1356 vero
694 1293 771 1374 qnod
795 1293 825 1354 in
841 1311 958 1373 quoque
974 1293 1117 1374 optimum
1129 1295 1264 1358 duram

136 1380 232 1442 studio
256 1390 435 1442 consecutus
457 1387 503 1441 est
525 1388 656 1454 tuntum,
682 1377 735 1439 sed
751 1376 892 1458 plurimas
915 1377 965 1440 vel
980 1377 1078 1459 potius
1094 1398 1197 1466 omnes

137 1484 177 1526 ex
192 1485 224 1526 se
239 1465 304 1546 ipso
320 1462 449 1526 virtutes
472 1462 579 1525 extulit
592 1457 770 1524 immortalis
793 1462 905 1542 ingenii
920 1461 1094 1524 beatissima
1109 1462 1198 1525 uber·

136 1557 209 1610 tate.
231 1548 300 1611 Non
316 1547 394 1610 enim
403 1548 543 1630 pluvius,
561 1556 593 1607 nt
608 1546 649 1611 ait
664 1546 829 1622 Pindarus,
853 1567 952 1631 aquus
975 1547 1116 1630 colligit,
1141 1546 1199 1609 scd

137 1635 204 1695 vico
224 1633 361 1716 gurgite
382 1630 540 1706 exundet,
572 1631 649 1692 dono
673 1631 798 1711 quodam
827 1630 1032 1713 providentiae
1061 1631 1194 1713 genitus,

134 1718 165 1780 in
189 1738 246 1799 quo
269 1727 349 1779 totas
379 1715 461 1778 vires
485 1733 555 1780 suas
585 1714 754 1796 eloquentia
782 1715 982 1797 experiretur.
1028 1715 1105 1778 Nam
1128 1717 1193 1798 quis
1211 1727 1262 1778 tte

135 1802 242 1865 docere
273 1801 464 1883 diligentius,
495 1819 617 1862 movere
645 1799 855 1872 vehementius
881 1801 998 1882 potest?
1028 1801 1083 1863 Cui
1113 1810 1194 1864 tanta

135 1907 263 1968 unquam
284 1885 450 1950 iucunditas
473 1885 578 1948 affuit?
592 1896 626 1947 ut
647 1885 713 1968 ipsu
734 1885 806 1960 illa,
837 1904 912 1966 quac
935 1893 1115 1967 extorquet,
1139 1885 1195 1946 im-

136 1983 255 2052 petrare
285 1991 352 2032 eum
385 1970 508 2044 credas,
539 1980 570 2032 et
599 1990 665 2032 cum
694 1979 900 2032 transversum
931 1970 962 2031 vi
985 1989 1039 2032 sua
1069 1969 1194 2032 indicem

135 2055 231 2128 ferat,
264 2066 362 2116 tamen
392 2053 442 2115 ille
473 2074 533 2115 non
561 2053 626 2135 repi
663 2054 799 2115 videatur
829 2054 880 2115 sed
918 2053 1015 2134 sequi.
1060 2054 1120 2115 lam
1161 2054 1193 2116 in
1211 2066 1256 2114 111

135 2138 283 2214 omnihus,
301 2157 376 2219 quae
392 2137 474 2212 dicit,
491 2147 572 2199 tanta
588 2137 751 2199 auctoritas
766 2137 863 2214 inest,
881 2149 914 2200 nt
930 2133 1089 2201 dissentire
1105 2138 1195 2221 pude-

123 2233 180 2297 at,
200 2243 254 2286 nec
270 2222 407 2285 advocati
431 2220 561 2286 studium
582 2223 634 2284 sed
656 2224 744 2284 testis
759 2231 812 2282 aut
832 2223 938 2286 iudicis
960 2223 1066 2286 afferat
1085 2223 1191 2300 fidem,

135 2329 199 2370 oum
216 2307 334 2370 interim
351 2307 553 2382 haecomnia,
579 2326 654 2389 quae
675 2308 730 2369 uix
745 2305 863 2388 singula
877 2307 1031 2389 quisquam
1053 2308 1193 2372 intentis·
1237 2359 1239 2367 Α

133 2394 209 2455 sima
231 2414 303 2455 cura
319 2392 460 2474 consequi
477 2402 597 2474 posset,
621 2389 715 2454 fluunt
730 2391 889 2457 illaborata
910 2402 941 2455 ct
955 2392 1023 2469 illa,
1047 2414 1105 2474 qua
1120 2392 1195 2455 nihil

133 2477 285 2561 pulchrius
307 2479 518 2554 auditumst,
541 2477 638 2539 oratio
654 2496 726 2560 prae
747 2497 780 2539 se
794 2479 856 2538 fort
876 2487 976 2538 tamen
991 2477 1194 2540 felicissimam

132 2563 317 2626 facilitatem.
357 2561 455 2640 Quare
475 2582 536 2624 non
558 2561 709 2626 immerito
736 2563 772 2624 ab
796 2560 964 2625 hominibus
989 2561 1097 2624 aetatis
1119 2581 1191 2624 snae
1209 2574 1257 2623 112

133 2668 270 2729 regnare
285 2649 318 2708 in
331 2647 459 2708 iudiciis
475 2645 571 2708 dictus
587 2658 650 2722 est,
669 2647 745 2728 apud
760 2657 898 2729 posteros
914 2645 1032 2710 veroid
1048 2665 1195 2709 consecu-

136 2830 164 2895 1)
189 2833 292 2893 uirtus,
324 2845 394 2894 quae
427 2833 514 2879 risum
539 2830 638 2880 iudicis
689 2831 1196 2897 511111111111111111111111,1111111111

133 2898 263 2948 movendo
276 2904 304 2948 et
320 2897 381 2947 illoc
395 2899 489 2947 tristes
501 2898 583 2948 coluit
595 2899 639 2964 qt-
688 2897 848 2964 perstinlichc
863 2897 1015 2961 Geqenuurt
1031 2917 1079 2951 vor
1091 2900 1197 2952 Gericlat

15 2963 24 2971 '
125 2968 222 3031 sectus
245 2970 272 3015 et
295 2969 415 3015 animum
437 2967 471 3016 ub
488 2969 639 3016 intentione
690 2965 776 3016 acinon
802 2964 919 3017 Clienten
944 2971 1118 3033 unterstlitzt,
1143 2971 1196 3020 viel

133 3050 224 3085 rerum
239 3035 407 3100 frequenter
423 3037 527 3084 1111111
543 3039 571 3084 ct
588 3035 640 3084 ali-
690 3035 804 3084 seltener
821 3036 860 3086 uls
879 3035 905 3086 in
927 3037 974 3085 der
986 3035 1135 3100 Bedentung
1146 3053 1195 3086 von

133 3103 241 3168 quoodo
261 3107 344 3153 etiam
363 3103 457 3165 reficit
473 3109 501 3152 et
519 3118 536 3153 a
553 3106 638 3154 cotie-
689 3108 769 3154 actor
782 3118 880 3155 causac
891 3118 948 3152 vor.

132 3177 189 3222 tute
202 3172 245 3221 eei
255 3187 271 3222 a
277 3172 451 3236 fatigatione
462 3176 585 3222 renovat.
670 3198 672 3207 =
720 3177 824 3236 posset.
845 3171 897 3219 llus
909 3168 1013 3232 lmperf.
1029 3168 1104 3232 Conj.
1119 3168 1198 3218 lindet

164 3239 284 3304 epilogos
308 3265 344 3274 —·
369 3239 516 3288 distulerit
538 3239 639 3288 hezicht
691 3238 761 3287 scine
785 3236 933 3295 Erkliirung
962 3234 1040 3283 durch
1073 3235 1120 3284 den
1146 3233 1196 3285 Ge-

132 3306 185 3355 siclr
198 3307 223 3354 in
238 3303 526 3365 diescrAllgcmeinhelt
538 3304 642 3353 nunant
689 3303 785 3352 brunon
810 3302 836 3349 in
855 3301 1065 3366 hypothetischen
1083 3303 1194 3367 Sitzen;

132 3372 352 3436 dendreopagns.
690 3384 760 3432 quae
776 3395 811 3404 -
825 3374 921 3435 peccet
950 3370 985 3420 ist
1006 3371 1062 3422 hier
1086 3373 1126 3422 als
1150 3373 1196 3422 der

166 3439 297 3504 epistolis.
312 3433 638 3497 UntchcmosthenesNa·
688 3433 816 3487 Nnclrsutz
837 3437 882 3486 des
899 3453 931 3486 zu
951 3439 1127 3503 crginnenden
1146 3441 1196 3488 Be·

129 3524 187 3560 men
201 3507 258 3558 siud
271 3505 345 3556 111111
357 3503 442 3554 liciole
455 3503 543 3568 111113,
558 3503 636 3554 deren
689 3505 902 3568 dingungssatzes
914 3509 940 3556 ce'
950 3506 1192 3558 ucllctanzusclren.

130 3571 635 3640 Unichtlrcitjedoclrncchgewiesenist.
687 3570 746 3636 Vgl.
761 3572 781 3637 1,
797 3576 822 3639 1,
837 3575 884 3625 22:
905 3589 954 3626 cur
965 3576 1147 3640 improbetur,
1168 3578 1233 3648 cip

165 3645 224 3695 109.
242 3643 388 3694 Pindarus.
408 3640 485 3691 Diese
498 3639 579 3691 Stella
591 3639 637 3688 lin·
686 3645 748 3708 quic
771 3657 818 3706 ca,
843 3659 913 3709 quac
936 3643 1011 3692 domi·
1032 3655 1098 3690 1111
1121 3648 1195 3693 reete

131 3713 174 3762 det
186 3712 239 3762 sich
257 3713 283 3761 in
296 3713 345 3762 den
365 3708 513 3760 erlraltenen
528 3706 636 3760 Gediclr·
679 3711 725 3774 jn
734 3716 845 3770 cerat,
859 3713 887 3757 in
898 3708 1038 3771 publicum
1047 3713 1162 3774 promit.

130 3787 173 3829 ten
185 3777 293 3828 Pindaro
312 3779 391 3829 nieht.
717 3775 909 3840 utmagnure.
918 3773 1007 3825 Cicero
1016 3775 1098 3828 selbst
1106 3778 1194 3829 nimmt
1213 3799 1215 3806 ·

167 3846 227 3895 111.
252 3847 387 3898 advocati.
412 3844 467 3896 Zur
485 3844 544 3894 Zeit
563 3841 636 3906 Qu's
688 3840 734 3890 aul
751 3841 821 3891 dicsc
838 3841 946 3893 Ansielrt
964 3844 1080 3896 zwelmul
1099 3846 1125 3896 in
1144 3847 1192 3897 dcn

131 3917 227 3965 kommt
247 3912 393 3964 advocates
413 3913 439 3962 ln
453 3913 538 3963 seiner
551 3910 637 3960 111111-
680 3907 793 3979 11111111
813 3910 844 3961 ud
869 3907 940 3961 an.
960 3910 1113 3964 lliicksichtt
1134 3912 1192 3978 Vll,

130 4000 177 4035 ren
190 3979 636 4041 ausschlicsslicltenBedeutungdes
688 3977 735 4025 24:
756 3977 819 4026 olim
840 3993 899 4028 curn
918 3994 1033 4047 regnare
1053 3984 1194 4035 emittimu-
