2800 4748
485 412 661 474 cnrurvn.
682 403 829 474 §.ae-ao.
1135 360 1176 420 65

22 631 23 658 1
107 600 224 662 Rursus
240 593 270 655 in
287 589 346 652 alia
360 582 427 666 plus
443 578 526 662 prior
541 571 674 641 confert,
691 557 776 623 vocis
792 549 983 616 firmitatem,
1007 536 1068 600 oris
1084 527 1177 592 tucili-

751 653 784 704 ut
799 637 881 710 dixi,
899 629 1014 693 excitat
1029 627 1177 683 oratorem

109 695 223 756 tatem,
241 686 355 738 motum
371 662 523 747 corporis,
540 652 728 738 quietique,

106 781 138 834 et
153 763 321 828 iactatione
336 769 461 822 meum,
479 743 563 828 pedis
578 732 788 818 supplosioue‚
806 725 885 786 sicut
904 715 998 778 cauda
1013 710 1119 770 leones
1136 700 1177 761 ia-

26 892 29 905 =
106 873 181 918 cere
199 849 360 915 dicuntur,
385 839 531 897 hortatur.
572 817 754 884 Studendum
776 831 850 872 vero
871 820 989 884 semper
1011 807 1041 858 et
1055 789 1177 868 ubique.
1195 793 1226 840 nt

26 998 29 1013 .
106 939 220 1019 Neque
237 928 317 994 enim
340 929 403 986 tere
418 931 478 982 tam
495 924 542 978 est
555 909 633 972 ullus
650 903 713 964 dies
729 903 907 976 occupatus,
930 897 965 950 nt
987 879 1062 945 nihil
1082 876 1178 936 lucra-

26 1064 29 1085 ι
108 1027 217 1097 tivoe,
243 1027 275 1078 ut
297 1013 405 1074 Cicero
421 1005 543 1068 Brutum
560 999 659 1058 tacere
674 985 783 1061 tradit,
808 996 916 1062 operae
938 973 974 1036 ad
989 961 1180 1032 scribendum

26 1172 29 1187 ,
110 1121 167 1173 aut
183 1101 344 1186 legendum
359 1103 412 1158 aut
427 1086 584 1152 dicendum
600 1077 662 1160 rapi
679 1073 777 1154 aliquo
787 1072 937 1130 momento
952 1051 1096 1134 temporis
1112 1064 1181 1128 pos·

31 1255 34 1268 ,
112 1197 165 1258 sit.
209 1186 358 1268 Siquidem
382 1179 416 1241 C.
436 1172 536 1238 Carbo
559 1168 649 1230 etiam
671 1161 704 1223 in
728 1147 919 1218 tabernaculo
941 1141 1055 1204 solebat
1070 1134 1123 1193 bac
1141 1127 1181 1187 uti

111 1273 334 1342 exercitatione
351 1261 478 1330 dicendi.
503 1257 548 1321 Ne
562 1254 593 1316 id
609 1247 727 1332 quidem
743 1235 912 1302 tacendum,
930 1223 1007 1308 quod
1023 1218 1119 1282 eidem
1135 1211 1184 1272 Ci-
1199 1217 1232 1266 ‘28

114 1361 222 1428 ceroni
245 1358 360 1440 placet,
386 1349 498 1412 nullum
521 1349 657 1404 nostrum
674 1345 796 1408 usquam
819 1315 1019 1398 negligentem
1037 1321 1105 1365 esse
1121 1317 1185 1360 ser-

112 1467 238 1513 monem
250 1467 258 1518 3
276 1435 415 1520 quidquid
431 1434 586 1510 loquemur
598 1417 778 1494 ubicunque,
804 1405 844 1468 sit
854 1423 907 1486 pro
919 1415 975 1461 suo
990 1389 1105 1456 seilicet
1119 1403 1185 1467 por-

113 1537 201 1598 tione
218 1527 396 1612 pertcctum.
428 1511 623 1576 Scribendum
639 1512 722 1566 certe
737 1511 889 1574 nunquam
904 1494 952 1549 est
966 1476 1080 1560 magis,
1099 1489 1186 1554 quam

115 1641 186 1682 cum
202 1611 297 1677 multa
313 1608 445 1668 dicemus
462 1618 503 1659 ex
517 1605 663 1674 tempore.
702 1584 747 1644 lta
769 1580 847 1641 enim
868 1568 1038 1636 servabitur
1058 1557 1184 1644 ponduS‚

116 1715 148 1768 et
173 1703 316 1762 innatans
339 1690 390 1753 illa
410 1684 573 1749 verborum
595 1672 723 1736 facilitas
745 1667 775 1728 in
797 1663 888 1725 altum
910 1656 1086 1722 reducetur3
1111 1644 1188 1706 sicut

30 1842 32 1851 ,
116 1785 227 1852 rustici
245 1777 399 1865 proximas
414 1772 485 1836 vitis
501 1765 619 1830 radices
627 1761 791 1841 amputant,
809 1767 885 1835 quae
900 1744 982 1806 iliam
997 1740 1028 1800 in
1044 1747 1190 1798 sommum

118 1875 219 1938 sotum
236 1869 355 1940 ducant,
374 1873 408 1924 ut
422 1855 582 1922 interiores
598 1845 717 1931 penitus
734 1832 939 1900 descendendo
956 1828 1123 1915 firmentum
1149 1811 1192 1873 Ac
1207 1816 1239 1867 29

120 1956 227 2023 nescio
245 1975 296 2025 au,
321 1951 347 2011 si
362 1957 520 2020 utrumque
537 1958 604 1997 cum
619 1950 691 1993 eure
708 1937 739 1985 et
754 1919 851 1982 studio
868 1917 1044 1977 fecerimus,
1062 1917 1191 1962 nivrcem

32 2095 33 2114 n
120 2041 239 2128 prosit,
275 2042 308 2095 ut
323 2027 482 2099 scribendo
506 2021 638 2083 dicamus
662 2004 851 2090 diligentius,

33 2138 36 2185 ἶ
123 2126 257 2192 tacilius.
284 2113 479 2179 Scribendum
495 2127 587 2189 ergo,
605 2097 745 2182 quotiens
762 2087 881 2161 licebit3
899 2081 927 2146 si
941 2080 970 2141 id
986 2097 1045 2140 non
1062 2069 1193 2134 dabitur,

521 2213 538 2254 e
554 2183 670 2252 exclusi
687 2179 797 2247 debent
811 2182 912 2234 tamen
927 2163 1033 2237 anniti,
1052 2172 1082 2221 ut
1099 2171 1195 2236 neque

582 2273 714 2354 litigator
726 2261 885 2324 destitutus
902 2272 970 2318 esse
981 2248 1129 2312 videatur.

214 2377 393 2454 Plerumque
409 2377 509 2431 autem
524 2362 615 2426 multa
631 2351 788 2439 egentibus
804 2343 929 2418 accidit,
952 2349 983 2402 ut
999 2333 1129 2398 maxime
1145 2345 1196 2388 ue·
1213 2333 1246 2382 30

37 2507 39 2516 ·
127 2465 264 2532 cessaria
287 2472 318 2523 et
338 2458 440 2540 utique
462 2451 548 2515 initia
571 2445 722 2516 scribant,
751 2444 853 2498 cetera
875 2447 950 2510 quae
966 2425 1052 2485 domo
1069 2417 1198 2480 afferunt

128 2551 315 2638 cogitatione
331 2542 576 2626 complectantur,
595 2529 700 2593 subitis
720 2543 760 2583 ex
774 2531 909 2597 tempore
925 2513 1095 2571 occurrant..
1114 2495 1198 2575 Quod

131 2640 244 2702 fecisse
257 2632 301 2694 M.
320 2629 452 2692 Tullium
468 2613 692 2684 commentariis
708 2605 802 2688 ipsius
817 2604 950 2681 apparet.
988 2590 1045 2650 Sed
1061 2589 1198 2648 seruntur

41 2908 43 2917 Ι
135 2927 234 2987 sein“‚
260 2915 493 2984 inungendo,
513 2910 582 2970 sl,
602 2905 646 2955 63.
698 2803 1204 2952 ddidbdldidinztutidinddddtibdd:diddo

137 2999 180 3048 71.
195 2995 240 3055 95,
256 2991 317 3040 oder
330 2987 366 3037 ad
380 2987 402 3048 l,
413 2985 424 3033 1
437 3003 443 3040 t
459 2979 560 3032 ibatiob
575 2978 600 3039 5,
616 2974 645 3023 ll
699 2966 834 3031 quantum
847 2957 917 3009 titud
930 2961 978 3018 ost,
994 2951 1066 3019 qnod
1078 2955 1104 3001 in
1117 2947 1205 2998 maui-

51 3075 54 3086 '
136 3071 165 3116 tn
181 3067 233 3114 boc
250 3060 373 3125 facient.
395 3054 438 3103 Bei
451 3052 541 3101 Cicero
554 3047 589 3096 ist
602 3044 648 3092 das
699 3037 752 3086 nnis
771 3027 996 3094 occupationibus
1010 3032 1148 3084 nunquam·
1166 3017 1206 3062 in·

138 3132 252 3185 Verbum
266 3130 290 3177 in
305 3126 399 3176 diesem
412 3121 488 3172 Siune
503 3117 565 3169 nocb
579 3114 649 3164 niebt
700 3104 831 3156 termittts
844 3097 935 3149 studia
951 3094 1101 3145 doctrinae.
1223 3127 1225 3136 ,

140 3198 331 3266 gebr‘tiucbiiob.
737 3173 768 3223 C.
791 3169 887 3221 Carbo.
915 3159 1011 3212 Consul
1031 3157 1078 3206 120
1095 3171 1121 3204 v.
1143 3150 1204 3200 Cbr.

174 3273 209 3318 ut
221 3266 293 3316 diei.
309 3266 333 3326 3,
347 3265 392 3312 21.
701 3242 756 3292 Cio.
772 3239 844 3286 Brut.
867 3234 911 3294 27,
927 3230 974 3279 103
990 3232 1067 3277 neunt
1080 3224 1120 3274 ibn
1135 3235 1207 3271 suan-

175 3333 254 3397 pcdis
273 3332 454 3394 supplosione.
481 3323 539 3386 vgt.
553 3319 607 3382 XI,
622 3319 648 3375 3,
699 3324 759 3360 nius
773 3309 870 3354 orator
888 3317 914 3349 u.
929 3299 952 3362 ἓ.
969 3297 1015 3348 105
1036 3293 1206 3345 industrium

147 3401 213 3452 128:
232 3399 312 3449 Pedis
325 3396 478 3461 supplosio,
492 3396 525 3440 ut
538 3390 596 3438 toeo
607 3392 651 3448 ¹cst
701 3382 730 3426 et
743 3373 899 3436 diligentem
920 3373 945 3418 ei
958 3371 985 3416 in
1001 3363 1207 3415 eaeroitattont-

144 3471 312 3536 opportuna,
327 3471 357 3515 ut
370 3467 413 3514 ait
426 3463 533 3521 Cicero,
548 3461 575 3507 in
590 3469 653 3506 con·
703 3448 750 3497 bas
759 3439 1079 3502 commentationibusque
1091 3430 1207 3482 orbatium

146 3539 313 3590 tentionibus
338 3538 388 3584 aui
417 3527 579 3594 incipiendis
602 3527 654 3576 aut
702 3509 1041 3578 operaosotttumponere.

136 3604 286 3671 finiendis.-
305 3607 347 3654 tta
367 3603 461 3652 crebra
473 3604 501 3649 et
512 3598 600 3663 inepti
611 3597 654 3644 esi
737 3581 780 3633 28·
797 3575 926 3631 Ciceroni.
942 3573 988 3625 Die
1002 3574 1058 3620 hier
1070 3565 1208 3632 angetbbr-

147 3677 264 3722 tiomints
283 3679 310 3724 ot
329 3673 428 3723 desinit
445 3668 560 3720 iudicem
580 3669 607 3714 in
624 3678 653 3712 so
703 3662 745 3705 ten
766 3649 856 3700 Worte
882 3647 966 3695 tossen
987 3641 1040 3691 sich
1059 3638 1100 3688 bei
1119 3634 1208 3685 Cicero

149 3745 312 3791 contuentem.
704 3721 774 3771 nicht
788 3715 958 3765 uachweisen.

165 3805 227 3885 ⁸27.
242 3805 399 3856 lucratione.
413 3805 475 3856 Dios
487 3799 655 3855 Wortst‘dtzt
731 3772 1208 3846 innatans,‚obenoutsobwimmend“

151 3873 205 3924 sich
220 3871 266 3922 aui
276 3873 315 3922 die
328 3874 453 3936 jiingeren
467 3871 590 3921 Hdsobrr.
604 3865 655 3914 und
706 3852 828 3922 tropiscb,
843 3867 870 3901 so
884 3866 932 3900 nur
945 3845 1107 3898 noebeimnol
1117 3842 1162 3894 Vll
1185 3841 1195 3889 l

150 3943 246 3994 kommt
265 3947 336 3990 sonst
348 3955 395 3988 nur
412 3941 438 3986 in
452 3940 498 3988 den
511 3934 655 3988 pandecten
707 3926 739 3976 44
754 3927 818 3974 baec
830 3919 900 3970 uetat
914 3919 1074 3968 innatantia
1086 3875 1213 3963 ot'debdni

149 4005 474 4088 vor‚istoberkeinentalts
482 4002 654 4064 Ciceronum,
709 4006 784 4060 „was
798 3988 851 4039 sich
865 4002 913 4036 von
927 3979 1175 4038 selbstdarbietet.“

150 4099 179 4134 so
193 4081 252 4130 dass
264 4094 313 4128 wir
331 4092 363 4127 au
376 4075 417 4125 ein
429 4074 574 4123 wbrttiobes
588 4069 658 4120 Citat
742 4061 785 4112 30.
805 4057 1009 4108 commentariis
1023 4043 1214 4117 ‚‚Denkscbrit-

201 4173 292 4232 Quintil.
307 4173 361 4217 last.
374 4175 432 4214 orat.
446 4163 497 4210 Lib.
511 4163 539 4206 X.
1041 4135 1057 4188 5
1216 4138 1228 4171 r
