2800 4748
237 357 277 418 50
502 373 665 428 canuam.
685 376 710 440 q.
729 377 842 428 ³2-aa.
862 376 905 430 tv.
926 377 949 444 q.
966 379 1041 430 1-2.

190 537 224 587 ³²
240 527 393 611 frangunt.
412 528 631 612 Relinquendae
648 537 747 589 autem
762 528 793 590 iu
809 528 952 592 utrolibet
967 552 1079 614 genere
1096 544 1202 596 eontra
1218 548 1308 600 erunt

240 633 355 677 vacuae
372 614 516 688 tabellae,
540 614 570 674 iu
586 611 691 694 quibus
707 612 802 675 libera
817 614 970 678 adiicienti
985 617 1026 680 sit
1040 619 1193 682 excursio.
1229 621 1305 684 Nam
1375 657 1377 680 ι

241 699 360 762 interim
377 698 524 784 pigritiam
546 696 722 761 emendandi
737 701 896 783 angustiae
917 701 1031 766 iaciunt
1046 713 1096 766 aut
1112 714 1195 767 certe
1210 726 1306 769 uovo-

240 805 304 846 rum
320 780 548 864 interpositione
571 785 670 868 priora
688 785 880 850 confundant.
917 786 965 852 Ne
985 787 1061 852 latas
1085 790 1201 873 quidem
1226 791 1307 854 ultra

240 867 357 929 modum
374 885 441 928 csse
458 887 544 932 ceras
560 869 668 948 velim,
696 883 839 956 expertus
855 873 995 938 invenem
1012 875 1175 938 studiosum
1194 875 1306 957 alioqui
1378 908 1379 926 ι

238 949 418 1032 praelongos
435 951 575 1017 habuisse
591 977 759 1033 sermones,
778 958 848 1040 quia
863 957 931 1021 illos
948 980 1072 1021 numero
1085 980 1226 1022 versuum
1242 981 1306 1023 me·
1378 987 1379 992 ¹

136 1072 140 1083 ·
238 1031 378 1111 tiebatur,
396 1035 483 1116 idque
500 1038 622 1116 vitium,
641 1041 717 1122 quod
734 1043 881 1123 frequenti
898 1043 1101 1107 admonitione
1117 1045 1228 1127 corrigi
1245 1067 1305 1107 nou

78 1146 83 1170 ι
187 1129 220 1180 ³3
256 1128 388 1198 otuerat,
407 1119 528 1184 mutatis
545 1121 696 1185 codicibus
712 1143 780 1184 esse
792 1126 952 1184 sublatum.
977 1129 1072 1186 Debet
1088 1149 1196 1188 vorare
1213 1130 1305 1191 etiam
1379 1161 1380 1184 ι

236 1139 335 1284 dcem,
353 1206 383 1269 in
400 1225 456 1288 quo
473 1216 612 1269 notentur
628 1226 703 1289 quae
719 1205 919 1269 scribentibus
935 1207 1034 1269 solent
1049 1217 1137 1270 extra
1151 1208 1301 1286 ordinem,

238 1290 269 1354 id
285 1302 332 1355 est
348 1305 387 1356 ex
403 1292 489 1367 aliis,
514 1311 598 1373 quam
615 1291 664 1372 qui
681 1301 751 1355 suut
766 1290 796 1352 iu
813 1289 948 1354 manibus
964 1290 1040 1368 loci,
1059 1313 1231 1355 occurrere.
1249 1293 1305 1396 ‹lr-
1380 1331 1381 1354 ι

237 1387 376 1460 rumpent
391 1378 469 1440 euim
486 1375 585 1456 optimi
602 1393 812 1458 nonuunquam
829 1396 949 1453 seusus,
968 1398 1043 1459 quos
1056 1398 1153 1460 neque
1163 1380 1304 1443 inserere

239 1471 357 1542 oportet
372 1480 466 1540 neque
482 1459 601 1522 differre
622 1469 716 1523 tntum
734 1472 797 1538 est,
824 1460 894 1542 qnia
914 1459 1036 1525 iuterim
1060 1463 1237 1539 elabuntur,
1255 1463 1303 1524 in-

238 1543 325 1605 terim
347 1543 508 1607 memoriae
531 1565 603 1607 suae
624 1546 758 1610 intentos
781 1547 816 1608 ab
844 1545 902 1609 alia
934 1548 1110 1611 inventione
1133 1548 1300 1624 declinant,

237 1627 363 1710 ideoque
380 1627 491 1712 optime
507 1631 623 1694 suntin
639 1631 786 1716 deposito.

601 1883 928 1896 u———nu—-u———uu-ae

660 2077 875 2140 CAPUT'lV.

403 2237 674 2316 QUOMODO
718 2238 1132 2304 EMENDANDUM.

204 2465 215 2515 1
242 2454 384 2540 Sequitur
406 2457 596 2529 emendatio,
627 2475 696 2538 pars
720 2454 885 2518 studiorum
914 2456 1003 2537 longe
1025 2454 1194 2517 utilissima.
1239 2456 1303 2518 Ne-

239 2549 295 2624 que
320 2543 399 2606 enim
422 2541 487 2604 sine
511 2559 604 2626 eausa
628 2539 772 2603 creditum
789 2550 836 2603 cst
862 2538 962 2602 stilum
988 2560 1047 2606 nou
1071 2539 1169 2603 miuus
1194 2560 1299 2624 agere,

238 2649 305 2690 oum
321 2628 409 2690 delet.
446 2625 541 2688 Huius
558 2635 657 2688 autem
673 2625 774 2709 operis
791 2636 838 2689 est
853 2624 1010 2702 adiicere,
1028 2624 1214 2695 detrudere,
1233 2647 1300 2688 ma-

242 2723 320 2776 tare.
345 2711 400 2774 Sed
416 2710 534 2774 facilius
549 2711 582 2772 in
597 2711 636 2774 iis
652 2710 876 2794 simpliciusque
891 2709 1047 2787 iudicium,
1066 2730 1141 2792 quae
1156 2710 1302 2793 replenda

235 2797 285 2859 vel
301 2796 466 2860 deiicienda
482 2806 573 2875 sunta
591 2815 728 2880 premere
741 2817 816 2862 vero
832 2797 989 2874 tumentia,
1007 2795 1129 2860 humilia
1137 2795 1298 2872 extollere,

235 2880 423 2943 luxuriantia
439 2881 621 2966 astringere,
638 2881 809 2944 inordinata
826 2882 972 2965 digerere,
991 2881 1090 2944 solnta
1105 2899 1299 2962 componere,

199 2976 215 3025 ι
238 2964 407 3027 exultantia
423 2985 581 3044 coercere,
607 2967 731 3050 duplicis
748 2986 869 3050 operae.
901 2966 979 3030 Nam
1002 2977 1032 3030 et
1049 2965 1215 3030 damnanda
1231 2974 1301 3026 snut

235 3069 310 3131 qnae
326 3050 504 3131 placuerunt
519 3061 550 3114 ει
564 3051 742 3113 invenienda
760 3071 835 3132 quae
852 3053 1002 3133 fugerant.
1033 3049 1099 3114 Neo
1115 3050 1235 3112 dubium
1252 3059 1300 3110 est

235 3134 375 3216 optimum
394 3155 462 3200 esse
479 3135 655 3198 emendandi
672 3154 784 3218 geum,
810 3133 835 3196 si
859 3135 971 3214 scripta
992 3135 1023 3191 in
1045 3133 1163 3212 aliquod
1181 3141 1297 3211 tempus

234 3225 440 3301 reponuntur,
458 3233 491 3285 ut
505 3222 541 3284 ad
557 3240 592 3284 ea
608 3230 676 3304 post
691 3218 882 3282 intervallum
899 3217 983 3279 velut
998 3236 1076 3278 nova
1093 3226 1181 3296 atque
1199 3213 1298 3275 aliena

233 3392 279 3442 mit
300 3391 550 3456 „aniickziehen“
583 3389 739 3444 zu‘iiberse-
825 3393 935 3440 interim
956 3416 991 3426 -
1008 3390 1165 3440 interim=
1181 3401 1253 3435 nano
1267 3411 1297 3422 -

233 3468 302 3512 tzeu.
791 3475 872 3524 noane,
886 3458 972 3522 hiiuflg
983 3457 1023 3507 lei
1038 3455 1086 3521 Qu.

269 3531 311 3581 33.
330 3536 474 3592 natentur,
501 3529 586 3593 „lturz
608 3530 739 3580 aulaeich-
827 3529 851 3577 1.
872 3527 1034 3587 exultantia,
1050 3524 1110 3585 εἳ,
1127 3521 1167 3571 16.
1247 3586 1252 3598 Ι

232 3601 314 3662 nen“,
330 3599 393 3650 ohne
407 3597 738 3661 dieNeltenbedeutungdes
812 3597 850 3646 ’3.
871 3599 973 3658 itaque.
997 3591 1045 3656 On.
1065 3588 1216 3641 beobaclatet
1229 3587 1300 3637 nicht

232 3664 356 3732 Tadelns,
369 3669 418 3718 wie
432 3667 456 3734 ᾗ.
471 3667 512 3718 21.
790 3665 862 3714 mehr
886 3661 927 3711 die
948 3659 1015 3711 leine
1034 3655 1252 3720 Uuterselreidung
1272 3656 1297 3704 ia

264 3751 369 3787 amasias.
390 3736 446 3802 Vgl.
462 3735 529 3799 Vlll,
544 3735 569 3798 5,
584 3734 614 3784 2:
629 3750 740 3785 concuc—
790 3733 836 3783 der
848 3729 964 3793 Stelluag
976 3744 1025 3777 van
1038 3731 1133 3792 itaque
1145 3724 1196 3775 und
1211 3727 1300 3790 igitur

232 3803 298 3852 tudo
316 3808 373 3854 iam
394 3809 500 3868 tenuit,
519 3808 656 3854 dimonte
676 3819 739 3855 oca·
790 3801 839 3850 wie
853 3797 954 3849 Cicero.
1259 3860 1264 3872 Δ

231 3876 308 3936 cepta
320 3888 444 3923 sonoras
456 3887 619 3935 vacaremus,
636 3873 738 3922 lamina
824 3871 850 3918 4.
866 3868 964 3920 strnue
977 3866 1137 3931 Zmyrnam.
1152 3860 1299 3913 C.llelv1us

231 3945 324 3990 actem
341 3945 542 4008 praecipueque
559 3944 587 3990 in
607 3941 738 3990 clausulis
791 3937 871 3986 Cinna
883 3950 938 3985 war
951 3933 1099 3985 equreuud
1114 3934 1158 3983 dos
1168 3929 1295 3990 Catullus,

227 4013 321 4073 posita
341 4024 395 4060 oen
406 4015 552 4062 tentiae.
791 4005 881 4058 dassen
894 4003 1039 4070 Epigramm
1055 4003 1155 4053 auidas
1169 4003 1299 4062 generate
