2800 4748
497 329 500 340 „
526 318 671 382 ¹canori.
687 320 831 386 §.sa-n.
912 283 914 290 ’
1178 309 1213 366 11

239 472 337 536 Credo
354 483 515 534 exacturos
531 472 708 554 plerosque,
733 494 800 535 oum
817 482 930 544 tantum
951 493 1018 536 esse
1035 474 1171 538 utilitatis
1186 475 1217 537 iu
1234 487 1266 538 37

154 559 280 642 legendo
296 557 476 632 iudicemus,
503 567 536 617 ut
557 558 588 620 id
609 578 726 638 quoque
742 557 934 640 adiungamus
951 559 1051 641 operi,
1075 559 1125 640 qui
1141 560 1212 636 sint,
1248 602 1255 609 -
1282 578 1284 580 ·

154 643 277 726 quaein
294 653 415 705 auotore
431 660 546 722 quoque
563 642 719 724 praecipua
741 643 849 713 virtus.
889 640 946 703 Sed
962 645 1098 725 persequi
1113 643 1216 727 singu·

100 787 105 793 .
154 729 199 791 los
214 726 324 790 infiniti
340 727 430 789 fuerit
445 724 557 807 operis.
597 727 708 809 Quippe
730 747 797 788 eum
818 727 851 788 in
873 726 965 788 Bruto
980 727 1022 789 M.
1041 727 1158 793 Tullius
1173 740 1219 792 tot
1234 741 1265 790 38

155 807 451 887 millibusversuum
473 810 669 872 de-Romanis
691 820 804 874 tantum
833 811 1011 896 oratoribus¹
1025 812 1163 894 loquatur
1187 825 1217 878 et

156 907 257 960 tamen
272 896 308 958 de
325 895 462 958 omuibus
479 894 587 958 aetatis
603 915 687 970 suae,
714 895 896 976 quibuscum
912 897 1050 974 vivebat,
1077 899 1212 981 exeeptis

154 979 284 1058 Caesare
301 991 389 1061 atque
403 978 559 1059 Marcello,
577 979 727 1042 silentium
744 979 858 1062 egerite
883 981 949 1062 quis
965 981 1023 1042 erit
1038 982 1161 1058 modus,
1188 983 1216 1044 si

151 1077 184 1128 et
198 1066 266 1129 illos
284 1065 379 1146 etqui
395 1074 496 1146 postea
514 1066 633 1126 suerunt
649 1073 678 1126 et
694 1062 822 1129 Graecos
838 1086 941 1130 omnes
959 1077 989 1128 et
1004 1066 1217 1148 philosophos?

152 1150 224 1214 Fuit
244 1151 336 1235 igitur
356 1148 489 1212 brevitas
511 1149 563 1212 illa
578 1149 746 1225 tutissima,
771 1151 847 1230 quae
869 1151 944 1232 apud
961 1150 1080 1212 Livium
1103 1151 1134 1211 iu
1157 1153 1217 1234 epi·
1233 1162 1265 1211 39

151 1236 230 1300 stola
246 1237 283 1298 ad
299 1235 387 1298 hlium
404 1234 530 1316 scripta:
558 1234 707 1318 legendos
723 1233 960 1297 Demosthenem
976 1245 1010 1296 nt
1032 1255 1071 1296 ne
1090 1231 1215 1297 Cicero-

153 1343 239 1399 nem,
264 1331 325 1384 hem
341 1321 407 1395 itu,
433 1329 469 1380 nt
482 1321 611 1403 qnisqne
622 1327 715 1396 ¹esset
727 1316 934 1381 Demostheni
954 1328 986 1381 et
1002 1257 1151 1382 (iacerent
1169 1322 1212 1382 si-

154 1406 312 1468 millimae.
351 1402 419 1464 Nou
435 1413 482 1466 est
503 1413 602 1465 tamen
624 1401 837 1466 dissimulanda
857 1404 954 1465 nostri
976 1423 1091 1492 quoque
1113 1403 1216 1466 iudicii
1231 1416 1265 1467 40

153 1509 280 1550 summa.
320 1487 433 1548 Paucos
456 1495 487 1547 et
507 1486 563 1548 vix
584 1488 676 1551 ullum
699 1507 739 1550 ex
755 1487 800 1550 his
816 1487 867 1570 qui
882 1497 1062 1550 vetustatem
1085 1488 1215 1571 pertule-

153 1583 224 1635 runt
239 1571 379 1635 existimo
396 1591 485 1653 posse
500 1569 644 1654 reperiri,
670 1572 740 1654 quin
762 1573 903 1635 iudicium
920 1572 1127 1636 adhibentibus
1143 1572 1215 1634 alla-

153 1667 237 1720 turus
254 1657 293 1720 sit
309 1656 447 1728 utilitatis
471 1656 600 1738 aliquid,
626 1677 692 1719 eum
714 1678 747 1720 se
763 1657 869 1720 Cieero
891 1657 927 1719 ab
949 1658 1009 1720 iltis
1025 1677 1140 1740 quoque
1161 1676 1214 1719 ve-

123 1755 138 1768 '·
148 1742 328 1808 tustissimis
343 1741 532 1826 auctoribus,
559 1741 723 1824 ingeniosis
746 1743 863 1824 quidem
880 1743 932 1805 sed
948 1754 1013 1806 arte
1028 1741 1212 1818 carentibus,

152 1827 310 1908 plurimum
327 1829 456 1889 fateatur
478 1826 622 1889 adiutum.
661 1827 725 1890 Nee
740 1827 833 1890 multo
850 1827 931 1889 aliud
947 1828 983 1890 de
999 1828 1086 1889 nom‘s
1103 1828 1212 1890 sentio.
1230 1839 1261 1888 41

152 1910 266 1988 Quotus
283 1913 362 1974 enim
378 1911 502 1992 quisque
517 1912 648 1974 inveniri
663 1921 723 1972 tam
740 1913 861 1972 demens
877 1922 988 1992 potest,
1006 1910 1055 1991 qui
1071 1929 1109 1970 ne
1125 1911 1212 1972 mini-

153 2016 200 2057 ma
216 1994 334 2076 quidem
356 1995 480 2058 alieuius
497 2004 578 2058 uerte
593 1995 700 2057 fidueia
720 1995 812 2076 partis
835 1993 1008 2057 memoriam
1023 1993 1214 2076 posteritatis

153 2079 343 2160 speraverit?
376 2079 430 2157 Qui
446 2079 473 2140 si
489 2078 554 2159 quis
571 2088 630 2154 est,
648 2078 728 2140 intra
743 2078 853 2161 primos
870 2079 970 2141 stetim
985 2096 1092 2142 versus
1109 2079 1214 2161 depre·
1302 2121 1304 2128 ·

153 2162 319 2239 beudetur,
345 2174 376 2225 et
396 2162 486 2225 eitius
507 2183 562 2225 nos
586 2163 730 2240 dimittet,
754 2184 840 2246 quam
866 2175 898 2225 ut
920 2164 984 2226 eius
1008 2162 1094 2225 nohis
1109 2183 1217 2245 magno

152 2247 295 2330 temporis
312 2249 489 2310 detrimento
505 2257 624 2310 constet
639 2247 888 2330 experimentum.
927 2248 983 2311 Seu
1000 2269 1060 2311 nou
1076 2247 1215 2330 quidquid
1232 2257 1263 2308 42

152 2332 189 2394 ati
213 2332 340 2414 aliquam
361 2342 474 2415 partem
497 2331 641 2395 soieutiae
663 2333 811 2416 pertinet,
834 2332 968 2416 protinus
992 2334 1028 2396 ad
1049 2333 1213 2396 faciendam

150 2417 240 2479 etiam
256 2417 390 2499 phrasin,
408 2418 444 2480 de
460 2437 517 2500 qua
532 2417 706 2500 loquimur,¹
717 2421 980 2482 accommodatum.

150 2569 197 2619 init
215 2571 296 2620 denen
315 2585 373 2620 man
391 2571 515 2621 verkebrt
532 2571 584 2620 und
604 2585 659 2620 um·
706 2576 814 2637 potem
835 2576 894 2619 tum
914 2568 1151 2633 (quemadmodum
1170 2569 1219 2618 Li·

151 2637 227 2700 gebt,
246 2638 420 2700 bezeichnen,
445 2639 479 2687 im
498 2636 657 2702 Gegensatze
709 2642 768 2687 uitas
790 2640 944 2701 praecepit)
969 2642 1003 2686 nt
1025 2640 1138 2701 an'eqae
1164 2641 1219 2687 erit

150 2718 200 2752 von
213 2720 280 2769 quoe
292 2705 405 2754 uiderim
423 2705 447 2768 5.
463 2706 507 2755 98.
522 2706 587 2768 118;
606 2721 659 2754 wo·
712 2707 837 2757 Ciceroni
847 2704 1012 2753 sianillimns.
1268 2755 1271 2760 ,

151 2785 232 2833 gegeu
253 2775 355 2823 aetatis
372 2787 438 2821 snae
455 2773 496 2822 die
515 2772 660 2835 33333113-
743 2774 787 2822 41.
808 2772 937 2832 denonis,
952 2771 986 2820 im
1000 2771 1161 2835 Gegensatze
1175 2787 1218 2834 ge·

151 2839 269 2893 benszeit
280 2839 439 2890 bezeichnet.
453 2839 512 2905 vgt.
522 2840 656 2891 Cimhrut.
710 2839 897 2905 gannientem
918 2854 966 2889 vor
978 2837 1068 2890 Cicero
1090 2839 1139 2888 nuh
1153 2841 1217 2890 eueh

150 2907 192 2971 65,
207 2908 256 2958 231
269 2924 274 2956 :
294 2911 422 2975 qnoniam
434 2912 462 2958 in
475 2911 525 2960 boe
537 2924 659 2974 sermone
710 2903 1130 2972 Cicero’s'Zeitgeuosseu'selbst3
1145 2906 1215 2970 solt,
1270 2947 1273 2959 .

150 2981 247 3026 nostem
276 2980 367 3027 statue·
396 2981 527 3027 neminem
553 2992 656 3040 eornm,
710 2977 807 3040 5,23:
827 2979 1162 3042 antiqnosetnovoe
1181 2977 1218 3026 'le-

150 3047 212 3108 que'
222 3047 401 3108 viverent,
416 3049 570 3096 nominare.
664 3052 667 3060 ’
707 3059 781 3111 gere.
795 3041 827 3108 V,
842 3045 890 3107 4,]
908 3048 1049 3094 orationes
1061 3050 1216 3094 ueterum

187 3112 301 3164 Caesare
320 3119 403 3178 atque
420 3114 559 3166 Marcello.
582 3113 655 3164 Brut.
709 3129 742 3163 aa
771 3127 951 3163 novorum.
990 3109 1044 3161 Zur
1073 3111 1218 3176 Belehruug

152 3180 195 3244 71,
210 3180 269 3230 248.
316 3197 322 3200 ·
708 3181 773 3232 iiber
791 3180 831 3231 die
853 3179 1141 3243 Begriffsnutersohiede
1159 3195 1217 3231 ver·

186 3251 245 3311 quie
269 3252 322 3298 erit
345 3247 449 3298 modus.
487 3248 546 3314 Vgl.
567 3249 591 3314 5.
613 3251 655 3300 50.
709 3249 808 3315 gl'eiebe
821 3247 889 3312 Vttt,
904 3248 929 3312 3,
944 3249 976 3298 34
991 3253 1026 3311 et,
1041 3264 1110 3315 qnae
1122 3254 1217 3298 oete-

152 3311 256 3378 Zumpts
270 3313 315 3364 Gr.
329 3313 355 3379 5.
371 3315 419 3364 134
432 3317 506 3366 Anni.
709 3333 747 3367 ra
760 3333 829 3366 nnnc
841 3322 914 3379 suaet,
922 3317 1116 3382 fermentatam
1130 3332 1216 3367 noua

185 3380 228 3431 39.
243 3381 317 3445 apud
329 3383 443 3434 Liuium.
457 3383 521 3432 Eine
532 3384 659 3444 uns-nieht
709 3391 739 3434 et
755 3385 888 3448 quaedam
907 3387 937 3434 in
950 3401 1000 3436 nen
1010 3401 1145 3450 perquam
1162 3400 1218 3433 re·

151 3449 222 3499 mehr
234 3451 365 3500 erbalteue
384 3450 542 3502 rhetorisebe
556 3451 659 3502 333331-
711 3468 768 3502 een
777 3457 787 3502 t
796 3456 830 3502 ia
838 3472 847 3516 ς
861 3454 925 3503 aueb
939 3461 1016 3504 unten
1029 3451 1053 3517 5.
1068 3453 1111 3500 ta.

58 3532 79 3570 κ
153 3533 232 3583 sung,
260 3518 324 3569 ohne
345 3516 454 3570 Zweifel
471 3534 520 3570 von
541 3520 597 3570 dem
615 3519 659 3570 be·
744 3519 787 3570 42.
807 3521 890 3571 ud-
897 3524 1024 3588 phrasin.
1039 3517 1097 3580 Vgl.
1113 3517 1137 3581 5.
1155 3505 1198 3568 81.

153 3586 266 3639 riibmten
291 3586 436 3638 Historiher
466 3587 511 3638 des
534 3585 655 3651 Namens.
744 3589 842 3655 loquar
870 3589 941 3654 touttj
958 3589 991 3636 im
1011 3586 1073 3636 Cod.
1093 3584 1215 3636 bamba

153 3649 274 3706 lhrwhhnt
290 3656 354 3720 wiri
372 3656 410 3706 sie
428 3672 477 3706 von
490 3654 579 3719 Quint.
594 3657 657 3707 eueb
709 3672 748 3722 pr.
763 3672 814 3719 m,
834 3657 884 3706 und
903 3657 938 3704 ist
951 3654 1020 3703 nieht
1032 3663 1080 3704 nur
1091 3652 1171 3704 leiebt
1184 3671 1216 3704 zu

154 3719 226 3785 Vnt,
240 3724 270 3788 2,
286 3723 317 3772 18
331 3724 382 3774 und
394 3723 416 3774 11
424 3761 431 3788 ,
446 3725 478 3788 5,
493 3724 543 3775 20:
565 3722 657 3774 Cicero
710 3723 864 3785 entbehren,
885 3721 995 3771 sondern
1014 3721 1058 3771 bat
1069 3737 1157 3786 wegen
1171 3723 1216 3782 des

154 3815 189 3824 —
197 3795 224 3839 et
235 3791 375 3855 iurandus,
390 3793 659 3858 incipientibusque·
710 3789 773 3839 kurz
785 3789 1010 3852 vorhergebenden
1022 3789 1158 3857 loquimur
1174 3806 1216 3841 so-

154 3871 215 3920 qne,
228 3863 255 3908 et
266 3865 378 3924 apertus
391 3865 521 3924 ostentis,
536 3875 583 3910 neo
592 3873 659 3924 pro·
709 3871 756 3921 ger
768 3864 848 3908 etwas
861 3856 1009 3909 Stbreudes.
1026 3857 1053 3908 S.
1068 3857 1171 3910 ututeit.

155 3923 229 3974 deese
248 3931 372 3991 tantum,
400 3929 447 3978 sed
465 3933 547 3980 etiam
568 3930 659 3976 amare·
743 3927 788 3977 44.
807 3925 914 3985 demam
931 3930 951 3977 i.
966 3945 991 3994 q.
1008 3932 1133 3993 tantum,
1157 3928 1217 3978 sehr
