<?xml version="1.0" encoding="UTF-8"?>
<!DOCTYPE html PUBLIC "-//W3C//DTD XHTML 1.0 Transitional//EN"
    "http://www.w3.org/TR/xhtml1/DTD/xhtml1-transitional.dtd">
<html xmlns="http://www.w3.org/1999/xhtml" xml:lang="en" lang="en">
 <head>
  <title>
</title>
<meta http-equiv="Content-Type" content="text/html;charset=utf-8" />
  <meta name='ocr-system' content='tesseract 3.04.00' />
  <meta name='ocr-capabilities' content='ocr_page ocr_carea ocr_par ocr_line ocrx_word'/>
</head>
<body>
  <div class='ocr_page' id='page_1' title='image "./mfabiiquintilia07bonngoog_0067.png"; bbox 0 0 2800 4748; ppageno 0'>
   <div class='ocr_carea' id='block_1_1' title="bbox 229 359 914 444">
    <p class='ocr_par' dir='ltr' id='par_1_1' title="bbox 229 359 914 444">
     <span class='ocr_line' id='line_1_1' title="bbox 229 359 914 444; baseline -0.009 -10"><span class='ocrx_word' id='word_1_1' title='bbox 229 359 270 422; x_wconf 81' lang='lat'><strong>38</strong></span> <span class='ocrx_word' id='word_1_2' title='bbox 606 375 714 428; x_wconf 81' lang='lat' dir='ltr'><strong>curor</strong></span> <span class='ocrx_word' id='word_1_3' title='bbox 727 378 760 429; x_wconf 88' lang='grc' dir='ltr'><strong>ιι,</strong></span> <span class='ocrx_word' id='word_1_4' title='bbox 781 378 914 444; x_wconf 72' lang='lat' dir='ltr'><strong>§.e-1³.</strong></span> 
     </span>
    </p>
   </div>
   <div class='ocr_carea' id='block_1_2' title="bbox 174 525 1294 2659">
    <p class='ocr_par' dir='ltr' id='par_1_2' title="bbox 174 525 1294 2659">
     <span class='ocr_line' id='line_1_2' title="bbox 229 525 1291 606; baseline 0.002 -14"><span class='ocrx_word' id='word_1_5' title='bbox 229 551 367 594; x_wconf 88' lang='lat' dir='ltr'><strong>muamus</strong></span> <span class='ocrx_word' id='word_1_6' title='bbox 376 531 462 595; x_wconf 88' lang='lat' dir='ltr'><strong>buius</strong></span> <span class='ocrx_word' id='word_1_7' title='bbox 477 525 669 606; x_wconf 74' lang='lat' dir='ltr'><strong>infelicitatis,</strong></span> <span class='ocrx_word' id='word_1_8' title='bbox 690 540 724 592; x_wconf 85' lang='grc' dir='ltr'><strong>ιιι</strong></span> <span class='ocrx_word' id='word_1_9' title='bbox 739 551 817 594; x_wconf 89' lang='lat' dir='ltr'><strong>nunc</strong></span> <span class='ocrx_word' id='word_1_10' title='bbox 835 532 950 595; x_wconf 91' lang='lat' dir='ltr'><strong>demum</strong></span> <span class='ocrx_word' id='word_1_11' title='bbox 968 531 1039 595; x_wconf 91' lang='lat' dir='ltr'><strong>nibil</strong></span> <span class='ocrx_word' id='word_1_12' title='bbox 1055 541 1183 595; x_wconf 90' lang='lat' dir='ltr'><strong>crescat.</strong></span> <span class='ocrx_word' id='word_1_13' title='bbox 1208 532 1291 594; x_wconf 90' lang='lat' dir='ltr'><strong>Nihil</strong></span> 
     </span>
     <span class='ocr_line' id='line_1_3' title="bbox 190 613 1290 701; baseline 0.004 -27"><span class='ocrx_word' id='word_1_14' title='bbox 190 625 208 674; x_wconf 79' lang='lat' dir='ltr'><strong>a</strong></span> <span class='ocrx_word' id='word_1_15' title='bbox 232 628 331 680; x_wconf 90' lang='lat' dir='ltr'><strong>autem</strong></span> <span class='ocrx_word' id='word_1_16' title='bbox 359 615 465 680; x_wconf 83' lang='lat' dir='ltr'><strong>crescit</strong></span> <span class='ocrx_word' id='word_1_17' title='bbox 488 613 549 675; x_wconf 87' lang='lat' dir='ltr'><strong>sola</strong></span> <span class='ocrx_word' id='word_1_18' title='bbox 567 613 746 679; x_wconf 73' lang='lat' dir='ltr'><strong>imitatione.</strong></span> <span class='ocrx_word' id='word_1_19' title='bbox 787 616 899 695; x_wconf 81' lang='lat' dir='ltr'><strong>Quodsi</strong></span> <span class='ocrx_word' id='word_1_20' title='bbox 921 616 1069 701; x_wconf 84' lang='lat' dir='ltr'><strong>prioribus</strong></span> <span class='ocrx_word' id='word_1_21' title='bbox 1092 617 1222 680; x_wconf 90' lang='lat' dir='ltr'><strong>adiicere</strong></span> <span class='ocrx_word' id='word_1_22' title='bbox 1245 619 1290 679; x_wconf 89' lang='lat' dir='ltr'><strong>fas</strong></span> 
     </span>
     <span class='ocr_line' id='line_1_4' title="bbox 229 697 1289 786; baseline -0.003 -20"><span class='ocrx_word' id='word_1_23' title='bbox 229 723 291 766; x_wconf 88' lang='lat' dir='ltr'><strong>uon</strong></span> <span class='ocrx_word' id='word_1_24' title='bbox 308 711 362 774; x_wconf 90' lang='lat' dir='ltr'><strong>est,</strong></span> <span class='ocrx_word' id='word_1_25' title='bbox 381 697 525 780; x_wconf 87' lang='lat' dir='ltr'><strong>quomodo</strong></span> <span class='ocrx_word' id='word_1_26' title='bbox 542 719 666 782; x_wconf 89' lang='lat' dir='ltr'><strong>sperare</strong></span> <span class='ocrx_word' id='word_1_27' title='bbox 680 721 838 784; x_wconf 89' lang='lat' dir='ltr'><strong>possumus</strong></span> <span class='ocrx_word' id='word_1_28' title='bbox 855 702 935 766; x_wconf 91' lang='lat' dir='ltr'><strong>illum</strong></span> <span class='ocrx_word' id='word_1_29' title='bbox 948 701 1289 786; x_wconf 73' lang='lat' dir='ltr'><strong>oratorem&#39;perfectum?</strong></span> 
     </span>
     <span class='ocr_line' id='line_1_5' title="bbox 228 784 1288 865; baseline -0.001 -15"><span class='ocrx_word' id='word_1_30' title='bbox 228 809 295 850; x_wconf 89' lang='lat' dir='ltr'><strong>cum</strong></span> <span class='ocrx_word' id='word_1_31' title='bbox 311 787 341 847; x_wconf 91' lang='lat' dir='ltr'><strong>iu</strong></span> <span class='ocrx_word' id='word_1_32' title='bbox 357 784 414 858; x_wconf 91' lang='lat' dir='ltr'><strong>bis,</strong></span> <span class='ocrx_word' id='word_1_33' title='bbox 433 805 507 865; x_wconf 91' lang='lat' dir='ltr'><strong>quos</strong></span> <span class='ocrx_word' id='word_1_34' title='bbox 524 786 674 850; x_wconf 84' lang='lat' dir='ltr'><strong>maximos</strong></span> <span class='ocrx_word' id='word_1_35' title='bbox 687 787 785 858; x_wconf 83' lang='lat' dir='ltr'><strong>adhuc</strong></span> <span class='ocrx_word' id='word_1_36' title='bbox 801 789 957 865; x_wconf 89' lang='lat' dir='ltr'><strong>novimus,</strong></span> <span class='ocrx_word' id='word_1_37' title='bbox 976 808 1063 852; x_wconf 90' lang='lat' dir='ltr'><strong>nemo</strong></span> <span class='ocrx_word' id='word_1_38' title='bbox 1081 788 1120 850; x_wconf 87' lang='lat' dir='ltr'><strong>sit</strong></span> <span class='ocrx_word' id='word_1_39' title='bbox 1133 788 1288 861; x_wconf 88' lang='lat' dir='ltr'><strong>iuventus,</strong></span> 
     </span>
     <span class='ocr_line' id='line_1_6' title="bbox 224 866 1291 958; baseline 0.002 -26"><span class='ocrx_word' id='word_1_40' title='bbox 224 871 257 933; x_wconf 94' lang='lat' dir='ltr'><strong>in</strong></span> <span class='ocrx_word' id='word_1_41' title='bbox 273 889 331 950; x_wconf 84' lang='lat' dir='ltr'><strong>qun</strong></span> <span class='ocrx_word' id='word_1_42' title='bbox 347 866 421 931; x_wconf 89' lang='lat' dir='ltr'><strong>nibil</strong></span> <span class='ocrx_word' id='word_1_43' title='bbox 437 881 489 933; x_wconf 91' lang='lat' dir='ltr'><strong>aut</strong></span> <span class='ocrx_word' id='word_1_44' title='bbox 505 871 693 936; x_wconf 77' lang='lat' dir='ltr'><strong>desideretur</strong></span> <span class='ocrx_word' id='word_1_45' title='bbox 708 885 759 937; x_wconf 89' lang='lat' dir='ltr'><strong>aut</strong></span> <span class='ocrx_word' id='word_1_46' title='bbox 781 875 1027 958; x_wconf 87' lang='lat' dir='ltr'><strong>reprehendatur.</strong></span> <span class='ocrx_word' id='word_1_47' title='bbox 1065 873 1122 938; x_wconf 84' lang='lat' dir='ltr'><strong>Sed</strong></span> <span class='ocrx_word' id='word_1_48' title='bbox 1137 874 1227 936; x_wconf 89' lang='lat' dir='ltr'><strong>etiam</strong></span> <span class='ocrx_word' id='word_1_49' title='bbox 1244 875 1291 954; x_wconf 92' lang='lat' dir='ltr'><strong>qui</strong></span> 
     </span>
     <span class='ocr_line' id='line_1_7' title="bbox 224 959 1288 1042; baseline 0.002 -26"><span class='ocrx_word' id='word_1_50' title='bbox 224 959 339 1016; x_wconf 88' lang='lat' dir='ltr'><strong>summa</strong></span> <span class='ocrx_word' id='word_1_51' title='bbox 361 973 422 1016; x_wconf 92' lang='lat' dir='ltr'><strong>non</strong></span> <span class='ocrx_word' id='word_1_52' title='bbox 445 966 605 1038; x_wconf 83' lang='lat' dir='ltr'><strong>appetent,</strong></span> <span class='ocrx_word' id='word_1_53' title='bbox 631 961 814 1021; x_wconf 88' lang='lat' dir='ltr'><strong>contendere</strong></span> <span class='ocrx_word' id='word_1_54' title='bbox 835 961 934 1042; x_wconf 88' lang='lat' dir='ltr'><strong>potius</strong></span> <span class='ocrx_word' id='word_1_55' title='bbox 958 981 1043 1041; x_wconf 88' lang='lat' dir='ltr'><strong>quam</strong></span> <span class='ocrx_word' id='word_1_56' title='bbox 1065 960 1149 1041; x_wconf 89' lang='lat' dir='ltr'><strong>sequi</strong></span> <span class='ocrx_word' id='word_1_57' title='bbox 1171 959 1288 1022; x_wconf 84' lang='lat' dir='ltr'><strong>debent.</strong></span> 
     </span>
     <span class='ocr_line' id='line_1_8' title="bbox 174 1037 1293 1124; baseline 0.006 -28"><span class='ocrx_word' id='word_1_58' title='bbox 174 1047 207 1124; x_wconf 74' lang='lat' dir='ltr'><strong>tp</strong></span> <span class='ocrx_word' id='word_1_59' title='bbox 221 1037 298 1102; x_wconf 86' lang='lat' dir='ltr'><strong>Nam</strong></span> <span class='ocrx_word' id='word_1_60' title='bbox 315 1040 366 1122; x_wconf 93' lang='lat' dir='ltr'><strong>qui</strong></span> <span class='ocrx_word' id='word_1_61' title='bbox 383 1039 445 1124; x_wconf 77' lang='lat' dir='ltr'><strong>agit</strong></span> <span class='ocrx_word' id='word_1_62' title='bbox 460 1050 493 1102; x_wconf 93' lang='lat' dir='ltr'><strong>ut</strong></span> <span class='ocrx_word' id='word_1_63' title='bbox 508 1041 592 1123; x_wconf 90' lang='lat' dir='ltr'><strong>prior</strong></span> <span class='ocrx_word' id='word_1_64' title='bbox 607 1043 659 1118; x_wconf 91' lang='lat' dir='ltr'><strong>sit,</strong></span> <span class='ocrx_word' id='word_1_65' title='bbox 676 1044 821 1119; x_wconf 76' lang='lat' dir='ltr'><strong>forsitan,</strong></span> <span class='ocrx_word' id='word_1_66' title='bbox 840 1044 957 1106; x_wconf 88' lang='lat' dir='ltr'><strong>etiamsi</strong></span> <span class='ocrx_word' id='word_1_67' title='bbox 974 1065 1035 1105; x_wconf 93' lang='lat' dir='ltr'><strong>uon</strong></span> <span class='ocrx_word' id='word_1_68' title='bbox 1051 1045 1223 1118; x_wconf 91' lang='lat' dir='ltr'><strong>transierit,</strong></span> <span class='ocrx_word' id='word_1_69' title='bbox 1242 1062 1293 1104; x_wconf 87' lang='lat' dir='ltr'><strong>ae-</strong></span> 
     </span>
     <span class='ocr_line' id='line_1_9' title="bbox 224 1123 1291 1211; baseline -0.001 -24"><span class='ocrx_word' id='word_1_70' title='bbox 224 1123 337 1207; x_wconf 87' lang='lat' dir='ltr'><strong>quabit.</strong></span> <span class='ocrx_word' id='word_1_71' title='bbox 376 1123 451 1188; x_wconf 85' lang='lat' dir='ltr'><strong>Eum</strong></span> <span class='ocrx_word' id='word_1_72' title='bbox 473 1147 547 1188; x_wconf 86' lang='lat' dir='ltr'><strong>vero</strong></span> <span class='ocrx_word' id='word_1_73' title='bbox 571 1146 659 1189; x_wconf 91' lang='lat' dir='ltr'><strong>nemo</strong></span> <span class='ocrx_word' id='word_1_74' title='bbox 681 1137 779 1211; x_wconf 91' lang='lat' dir='ltr'><strong>potest</strong></span> <span class='ocrx_word' id='word_1_75' title='bbox 793 1143 940 1208; x_wconf 84' lang='lat' dir='ltr'><strong>aequare,</strong></span> <span class='ocrx_word' id='word_1_76' title='bbox 966 1128 1051 1189; x_wconf 91' lang='lat' dir='ltr'><strong>cuius</strong></span> <span class='ocrx_word' id='word_1_77' title='bbox 1074 1127 1210 1209; x_wconf 85' lang='lat' dir='ltr'><strong>vestigiis</strong></span> <span class='ocrx_word' id='word_1_78' title='bbox 1234 1126 1291 1188; x_wconf 91' lang='lat' dir='ltr'><strong>sibi</strong></span> 
     </span>
     <span class='ocr_line' id='line_1_10' title="bbox 224 1210 1291 1296; baseline -0.001 -24"><span class='ocrx_word' id='word_1_79' title='bbox 224 1210 328 1292; x_wconf 82' lang='lat' dir='ltr'><strong>utique</strong></span> <span class='ocrx_word' id='word_1_80' title='bbox 344 1210 544 1275; x_wconf 87' lang='lat' dir='ltr'><strong>insistendum</strong></span> <span class='ocrx_word' id='word_1_81' title='bbox 561 1222 654 1296; x_wconf 89' lang='lat' dir='ltr'><strong>putat.</strong></span> <span class='ocrx_word' id='word_1_82' title='bbox 693 1211 825 1276; x_wconf 80' lang='lat' dir='ltr'><strong>Necesse</strong></span> <span class='ocrx_word' id='word_1_83' title='bbox 841 1223 889 1274; x_wconf 90' lang='lat' dir='ltr'><strong>est</strong></span> <span class='ocrx_word' id='word_1_84' title='bbox 903 1211 982 1274; x_wconf 91' lang='lat' dir='ltr'><strong>enim</strong></span> <span class='ocrx_word' id='word_1_85' title='bbox 998 1228 1118 1294; x_wconf 87' lang='lat' dir='ltr'><strong>semper</strong></span> <span class='ocrx_word' id='word_1_86' title='bbox 1132 1211 1173 1272; x_wconf 89' lang='lat' dir='ltr'><strong>sit</strong></span> <span class='ocrx_word' id='word_1_87' title='bbox 1191 1221 1291 1294; x_wconf 88' lang='lat' dir='ltr'><strong>poste·</strong></span> 
     </span>
     <span class='ocr_line' id='line_1_11' title="bbox 226 1295 1291 1378; baseline 0 -20"><span class='ocrx_word' id='word_1_88' title='bbox 226 1295 290 1358; x_wconf 84' lang='lat' dir='ltr'><strong>rior</strong></span> <span class='ocrx_word' id='word_1_89' title='bbox 306 1295 352 1378; x_wconf 89' lang='lat' dir='ltr'><strong>qui</strong></span> <span class='ocrx_word' id='word_1_90' title='bbox 369 1297 514 1378; x_wconf 86' lang='lat' dir='ltr'><strong>sequitur.</strong></span> <span class='ocrx_word' id='word_1_91' title='bbox 537 1298 620 1360; x_wconf 85' lang='lat' dir='ltr'><strong>Adde</strong></span> <span class='ocrx_word' id='word_1_92' title='bbox 636 1297 712 1378; x_wconf 87' lang='lat' dir='ltr'><strong>quod</strong></span> <span class='ocrx_word' id='word_1_93' title='bbox 727 1296 899 1378; x_wconf 88' lang='lat' dir='ltr'><strong>plerumque</strong></span> <span class='ocrx_word' id='word_1_94' title='bbox 915 1295 1031 1359; x_wconf 84' lang='lat' dir='ltr'><strong>facilius</strong></span> <span class='ocrx_word' id='word_1_95' title='bbox 1048 1304 1095 1358; x_wconf 89' lang='lat' dir='ltr'><strong>cst</strong></span> <span class='ocrx_word' id='word_1_96' title='bbox 1110 1295 1175 1378; x_wconf 90' lang='lat' dir='ltr'><strong>plus</strong></span> <span class='ocrx_word' id='word_1_97' title='bbox 1191 1297 1291 1358; x_wconf 90' lang='lat' dir='ltr'><strong>facere</strong></span> 
     </span>
     <span class='ocr_line' id='line_1_12' title="bbox 226 1380 1290 1463; baseline -0.002 -19"><span class='ocrx_word' id='word_1_98' title='bbox 226 1402 314 1463; x_wconf 84' lang='lat' dir='ltr'><strong>quam</strong></span> <span class='ocrx_word' id='word_1_99' title='bbox 328 1381 420 1444; x_wconf 88' lang='lat' dir='ltr'><strong>idem.</strong></span> <span class='ocrx_word' id='word_1_100' title='bbox 448 1380 575 1444; x_wconf 90' lang='lat' dir='ltr'><strong>Tantam</strong></span> <span class='ocrx_word' id='word_1_101' title='bbox 592 1383 670 1444; x_wconf 87' lang='lat' dir='ltr'><strong>enim</strong></span> <span class='ocrx_word' id='word_1_102' title='bbox 686 1381 886 1444; x_wconf 85' lang='lat' dir='ltr'><strong>difficultatem</strong></span> <span class='ocrx_word' id='word_1_103' title='bbox 903 1381 991 1445; x_wconf 88' lang='lat' dir='ltr'><strong>babet</strong></span> <span class='ocrx_word' id='word_1_104' title='bbox 1006 1381 1188 1458; x_wconf 78' lang='lat' dir='ltr'><strong>similitudo,</strong></span> <span class='ocrx_word' id='word_1_105' title='bbox 1204 1390 1290 1443; x_wconf 90' lang='lat' dir='ltr'><strong>utne</strong></span> 
     </span>
     <span class='ocr_line' id='line_1_13' title="bbox 226 1465 1292 1550; baseline 0 -21"><span class='ocrx_word' id='word_1_106' title='bbox 226 1465 293 1550; x_wconf 88' lang='lat' dir='ltr'><strong>ipsa</strong></span> <span class='ocrx_word' id='word_1_107' title='bbox 309 1465 425 1548; x_wconf 91' lang='lat' dir='ltr'><strong>quidem</strong></span> <span class='ocrx_word' id='word_1_108' title='bbox 441 1479 550 1530; x_wconf 88' lang='lat' dir='ltr'><strong>natura</strong></span> <span class='ocrx_word' id='word_1_109' title='bbox 566 1467 597 1528; x_wconf 92' lang='lat' dir='ltr'><strong>iu</strong></span> <span class='ocrx_word' id='word_1_110' title='bbox 613 1468 670 1528; x_wconf 89' lang='lat' dir='ltr'><strong>hoc</strong></span> <span class='ocrx_word' id='word_1_111' title='bbox 685 1467 728 1529; x_wconf 90' lang='lat' dir='ltr'><strong>ita</strong></span> <span class='ocrx_word' id='word_1_112' title='bbox 743 1468 911 1545; x_wconf 87' lang='lat' dir='ltr'><strong>evaluerit,</strong></span> <span class='ocrx_word' id='word_1_113' title='bbox 935 1477 969 1531; x_wconf 90' lang='lat' dir='ltr'><strong>ut</strong></span> <span class='ocrx_word' id='word_1_114' title='bbox 991 1489 1052 1532; x_wconf 92' lang='lat' dir='ltr'><strong>uon</strong></span> <span class='ocrx_word' id='word_1_115' title='bbox 1067 1488 1117 1530; x_wconf 86' lang='lat' dir='ltr'><strong>res</strong></span> <span class='ocrx_word' id='word_1_116' title='bbox 1134 1466 1292 1550; x_wconf 89' lang='lat' dir='ltr'><strong>simplicis·</strong></span> 
     </span>
     <span class='ocr_line' id='line_1_14' title="bbox 226 1551 1291 1634; baseline -0.001 -20"><span class='ocrx_word' id='word_1_117' title='bbox 226 1552 332 1626; x_wconf 88' lang='lat' dir='ltr'><strong>simae,</strong></span> <span class='ocrx_word' id='word_1_118' title='bbox 351 1571 486 1633; x_wconf 89' lang='lat' dir='ltr'><strong>quaeque</strong></span> <span class='ocrx_word' id='word_1_119' title='bbox 503 1571 589 1634; x_wconf 86' lang='lat' dir='ltr'><strong>pares</strong></span> <span class='ocrx_word' id='word_1_120' title='bbox 602 1551 733 1616; x_wconf 87' lang='lat' dir='ltr'><strong>maxime</strong></span> <span class='ocrx_word' id='word_1_121' title='bbox 748 1553 920 1630; x_wconf 85' lang='lat' dir='ltr'><strong>videantur,</strong></span> <span class='ocrx_word' id='word_1_122' title='bbox 939 1552 1221 1634; x_wconf 87' lang='lat' dir='ltr'><strong>utiquediscrimine</strong></span> <span class='ocrx_word' id='word_1_123' title='bbox 1237 1551 1291 1614; x_wconf 87' lang='lat' dir='ltr'><strong>ali·</strong></span> 
     </span>
     <span class='ocr_line' id='line_1_15' title="bbox 179 1636 1291 1721; baseline -0.001 -23"><span class='ocrx_word' id='word_1_124' title='bbox 179 1649 206 1698; x_wconf 90' lang='lat'><strong>11</strong></span> <span class='ocrx_word' id='word_1_125' title='bbox 226 1658 282 1719; x_wconf 90' lang='lat' dir='ltr'><strong>quo</strong></span> <span class='ocrx_word' id='word_1_126' title='bbox 299 1636 518 1700; x_wconf 86' lang='lat' dir='ltr'><strong>discernantur.</strong></span> <span class='ocrx_word' id='word_1_127' title='bbox 556 1637 640 1701; x_wconf 88' lang='lat' dir='ltr'><strong>Adde</strong></span> <span class='ocrx_word' id='word_1_128' title='bbox 660 1638 736 1720; x_wconf 91' lang='lat' dir='ltr'><strong>quod</strong></span> <span class='ocrx_word' id='word_1_129' title='bbox 761 1639 900 1721; x_wconf 89' lang='lat' dir='ltr'><strong>quidquid</strong></span> <span class='ocrx_word' id='word_1_130' title='bbox 923 1637 1010 1700; x_wconf 90' lang='lat' dir='ltr'><strong>alteri</strong></span> <span class='ocrx_word' id='word_1_131' title='bbox 1035 1636 1131 1698; x_wconf 91' lang='lat' dir='ltr'><strong>simile</strong></span> <span class='ocrx_word' id='word_1_132' title='bbox 1148 1646 1213 1712; x_wconf 86' lang='lat' dir='ltr'><strong>est,</strong></span> <span class='ocrx_word' id='word_1_133' title='bbox 1240 1655 1291 1698; x_wconf 89' lang='lat' dir='ltr'><strong>ne·</strong></span> 
     </span>
     <span class='ocr_line' id='line_1_16' title="bbox 229 1720 1291 1803; baseline -0.006 -17"><span class='ocrx_word' id='word_1_134' title='bbox 229 1743 317 1786; x_wconf 87' lang='lat' dir='ltr'><strong>cesse</strong></span> <span class='ocrx_word' id='word_1_135' title='bbox 339 1732 386 1785; x_wconf 87' lang='lat' dir='ltr'><strong>est</strong></span> <span class='ocrx_word' id='word_1_136' title='bbox 407 1722 506 1785; x_wconf 92' lang='lat' dir='ltr'><strong>miuus</strong></span> <span class='ocrx_word' id='word_1_137' title='bbox 528 1721 569 1784; x_wconf 90' lang='lat' dir='ltr'><strong>sit</strong></span> <span class='ocrx_word' id='word_1_138' title='bbox 592 1742 647 1797; x_wconf 88' lang='lat' dir='ltr'><strong>eo,</strong></span> <span class='ocrx_word' id='word_1_139' title='bbox 673 1724 751 1803; x_wconf 90' lang='lat' dir='ltr'><strong>quod</strong></span> <span class='ocrx_word' id='word_1_140' title='bbox 771 1723 925 1798; x_wconf 88' lang='lat' dir='ltr'><strong>imitatur,</strong></span> <span class='ocrx_word' id='word_1_141' title='bbox 952 1733 985 1783; x_wconf 91' lang='lat' dir='ltr'><strong>ut</strong></span> <span class='ocrx_word' id='word_1_142' title='bbox 999 1720 1103 1782; x_wconf 90' lang='lat' dir='ltr'><strong>umbra</strong></span> <span class='ocrx_word' id='word_1_143' title='bbox 1120 1739 1244 1802; x_wconf 90' lang='lat' dir='ltr'><strong>corpore</strong></span> <span class='ocrx_word' id='word_1_144' title='bbox 1261 1730 1291 1780; x_wconf 89' lang='lat' dir='ltr'><strong>et</strong></span> 
     </span>
     <span class='ocr_line' id='line_1_17' title="bbox 228 1805 1290 1892; baseline -0.004 -22"><span class='ocrx_word' id='word_1_145' title='bbox 228 1807 327 1892; x_wconf 82' lang='lat' dir='ltr'><strong>imago</strong></span> <span class='ocrx_word' id='word_1_146' title='bbox 342 1807 417 1872; x_wconf 90' lang='lat' dir='ltr'><strong>facie</strong></span> <span class='ocrx_word' id='word_1_147' title='bbox 433 1818 464 1870; x_wconf 89' lang='lat' dir='ltr'><strong>et</strong></span> <span class='ocrx_word' id='word_1_148' title='bbox 478 1815 562 1870; x_wconf 85' lang='lat' dir='ltr'><strong>actus</strong></span> <span class='ocrx_word' id='word_1_149' title='bbox 579 1806 764 1870; x_wconf 88' lang='lat' dir='ltr'><strong>histrionum</strong></span> <span class='ocrx_word' id='word_1_150' title='bbox 770 1806 853 1888; x_wconf 73' lang='lat' dir='ltr'><strong>reris</strong></span> <span class='ocrx_word' id='word_1_151' title='bbox 869 1806 1036 1869; x_wconf 84' lang='lat' dir='ltr'><strong>affectibus.</strong></span> <span class='ocrx_word' id='word_1_152' title='bbox 1070 1805 1154 1884; x_wconf 79' lang='lat' dir='ltr'><strong>Quod</strong></span> <span class='ocrx_word' id='word_1_153' title='bbox 1174 1806 1205 1866; x_wconf 94' lang='lat' dir='ltr'><strong>in</strong></span> <span class='ocrx_word' id='word_1_154' title='bbox 1222 1812 1290 1866; x_wconf 85' lang='lat' dir='ltr'><strong>ora-</strong></span> 
     </span>
     <span class='ocr_line' id='line_1_18' title="bbox 229 1890 1290 1976; baseline -0.006 -20"><span class='ocrx_word' id='word_1_155' title='bbox 229 1894 360 1958; x_wconf 90' lang='lat' dir='ltr'><strong>tionibus</strong></span> <span class='ocrx_word' id='word_1_156' title='bbox 374 1913 492 1976; x_wconf 85' lang='lat' dir='ltr'><strong>quoque</strong></span> <span class='ocrx_word' id='word_1_157' title='bbox 507 1891 618 1956; x_wconf 83' lang='lat' dir='ltr'><strong>evcnit.</strong></span> <span class='ocrx_word' id='word_1_158' title='bbox 649 1890 786 1974; x_wconf 81' lang='lat' dir='ltr'><strong>Namque</strong></span> <span class='ocrx_word' id='word_1_159' title='bbox 801 1892 857 1968; x_wconf 91' lang='lat' dir='ltr'><strong>iis,</strong></span> <span class='ocrx_word' id='word_1_160' title='bbox 882 1911 957 1974; x_wconf 90' lang='lat' dir='ltr'><strong>quae</strong></span> <span class='ocrx_word' id='word_1_161' title='bbox 973 1891 1004 1956; x_wconf 92' lang='lat' dir='ltr'><strong>iu</strong></span> <span class='ocrx_word' id='word_1_162' title='bbox 1020 1891 1190 1974; x_wconf 87' lang='lat' dir='ltr'><strong>exemplum</strong></span> <span class='ocrx_word' id='word_1_163' title='bbox 1206 1909 1290 1952; x_wconf 89' lang='lat' dir='ltr'><strong>assu-</strong></span> 
     </span>
     <span class='ocr_line' id='line_1_19' title="bbox 229 1974 1292 2056; baseline -0.006 -14"><span class='ocrx_word' id='word_1_164' title='bbox 229 1979 357 2056; x_wconf 90' lang='lat' dir='ltr'><strong>mimus,</strong></span> <span class='ocrx_word' id='word_1_165' title='bbox 380 1978 484 2043; x_wconf 88' lang='lat' dir='ltr'><strong>subest</strong></span> <span class='ocrx_word' id='word_1_166' title='bbox 499 1989 604 2042; x_wconf 87' lang='lat' dir='ltr'><strong>natura</strong></span> <span class='ocrx_word' id='word_1_167' title='bbox 620 1987 651 2039; x_wconf 91' lang='lat' dir='ltr'><strong>et</strong></span> <span class='ocrx_word' id='word_1_168' title='bbox 666 1997 740 2040; x_wconf 85' lang='lat' dir='ltr'><strong>vera</strong></span> <span class='ocrx_word' id='word_1_169' title='bbox 754 1977 822 2056; x_wconf 67' lang='lat' dir='ltr'><strong>vis,</strong></span> <span class='ocrx_word' id='word_1_170' title='bbox 846 1987 951 2040; x_wconf 90' lang='lat' dir='ltr'><strong>contra</strong></span> <span class='ocrx_word' id='word_1_171' title='bbox 967 1977 1064 2040; x_wconf 90' lang='lat' dir='ltr'><strong>omnis</strong></span> <span class='ocrx_word' id='word_1_172' title='bbox 1080 1975 1207 2040; x_wconf 82' lang='lat' dir='ltr'><strong>imitatio</strong></span> <span class='ocrx_word' id='word_1_173' title='bbox 1224 1974 1292 2036; x_wconf 87' lang='lat' dir='ltr'><strong>licta</strong></span> 
     </span>
     <span class='ocr_line' id='line_1_20' title="bbox 179 2061 1293 2148; baseline -0.004 -22"><span class='ocrx_word' id='word_1_174' title='bbox 179 2077 210 2126; x_wconf 82' lang='lat'><strong>12</strong></span> <span class='ocrx_word' id='word_1_175' title='bbox 228 2075 275 2128; x_wconf 90' lang='lat' dir='ltr'><strong>est</strong></span> <span class='ocrx_word' id='word_1_176' title='bbox 298 2075 329 2127; x_wconf 90' lang='lat' dir='ltr'><strong>et</strong></span> <span class='ocrx_word' id='word_1_177' title='bbox 348 2066 385 2127; x_wconf 94' lang='lat' dir='ltr'><strong>ad</strong></span> <span class='ocrx_word' id='word_1_178' title='bbox 400 2065 528 2128; x_wconf 91' lang='lat' dir='ltr'><strong>alienum</strong></span> <span class='ocrx_word' id='word_1_179' title='bbox 553 2061 734 2148; x_wconf 89' lang='lat' dir='ltr'><strong>propositum</strong></span> <span class='ocrx_word' id='word_1_180' title='bbox 752 2063 1003 2127; x_wconf 83' lang='lat' dir='ltr'><strong>accommodatur.</strong></span> <span class='ocrx_word' id='word_1_181' title='bbox 1042 2061 1126 2140; x_wconf 81' lang='lat' dir='ltr'><strong>Quod</strong></span> <span class='ocrx_word' id='word_1_182' title='bbox 1147 2061 1235 2136; x_wconf 90' lang='lat' dir='ltr'><strong>lacit,</strong></span> <span class='ocrx_word' id='word_1_183' title='bbox 1260 2072 1293 2122; x_wconf 90' lang='lat' dir='ltr'><strong>ut</strong></span> 
     </span>
     <span class='ocr_line' id='line_1_21' title="bbox 229 2147 1292 2232; baseline -0.003 -22"><span class='ocrx_word' id='word_1_184' title='bbox 229 2149 328 2212; x_wconf 88' lang='lat' dir='ltr'><strong>miuus</strong></span> <span class='ocrx_word' id='word_1_185' title='bbox 350 2151 506 2232; x_wconf 84' lang='lat' dir='ltr'><strong>sauguinis</strong></span> <span class='ocrx_word' id='word_1_186' title='bbox 528 2171 563 2211; x_wconf 87' lang='lat' dir='ltr'><strong>ac</strong></span> <span class='ocrx_word' id='word_1_187' title='bbox 578 2147 686 2211; x_wconf 88' lang='lat' dir='ltr'><strong>virium</strong></span> <span class='ocrx_word' id='word_1_188' title='bbox 713 2149 945 2212; x_wconf 82' lang='lat' dir='ltr'><strong>declamationes</strong></span> <span class='ocrx_word' id='word_1_189' title='bbox 967 2150 1098 2212; x_wconf 87' lang='lat' dir='ltr'><strong>habeant</strong></span> <span class='ocrx_word' id='word_1_190' title='bbox 1122 2167 1208 2229; x_wconf 91' lang='lat' dir='ltr'><strong>quam</strong></span> <span class='ocrx_word' id='word_1_191' title='bbox 1224 2165 1292 2207; x_wconf 91' lang='lat' dir='ltr'><strong>ora-</strong></span> 
     </span>
     <span class='ocr_line' id='line_1_22' title="bbox 227 2229 1291 2316; baseline -0.004 -20"><span class='ocrx_word' id='word_1_192' title='bbox 227 2234 347 2311; x_wconf 76' lang='lat' dir='ltr'><strong>tioues3</strong></span> <span class='ocrx_word' id='word_1_193' title='bbox 366 2235 445 2316; x_wconf 90' lang='lat' dir='ltr'><strong>quod</strong></span> <span class='ocrx_word' id='word_1_194' title='bbox 461 2234 568 2298; x_wconf 89' lang='lat' dir='ltr'><strong>inillis</strong></span> <span class='ocrx_word' id='word_1_195' title='bbox 585 2253 669 2306; x_wconf 88' lang='lat' dir='ltr'><strong>vcra,</strong></span> <span class='ocrx_word' id='word_1_196' title='bbox 687 2232 720 2294; x_wconf 91' lang='lat' dir='ltr'><strong>in</strong></span> <span class='ocrx_word' id='word_1_197' title='bbox 736 2232 782 2296; x_wconf 90' lang='lat' dir='ltr'><strong>bis</strong></span> <span class='ocrx_word' id='word_1_198' title='bbox 795 2235 968 2297; x_wconf 87' lang='lat' dir='ltr'><strong>assimulata</strong></span> <span class='ocrx_word' id='word_1_199' title='bbox 983 2233 1111 2295; x_wconf 89' lang='lat' dir='ltr'><strong>materia</strong></span> <span class='ocrx_word' id='word_1_200' title='bbox 1127 2243 1190 2294; x_wconf 69' lang='lat' dir='ltr'><strong>est.</strong></span> <span class='ocrx_word' id='word_1_201' title='bbox 1208 2229 1291 2292; x_wconf 85' lang='lat' dir='ltr'><strong>Adde</strong></span> 
     </span>
     <span class='ocr_line' id='line_1_23' title="bbox 227 2316 1289 2402; baseline -0.007 -21"><span class='ocrx_word' id='word_1_202' title='bbox 227 2319 304 2402; x_wconf 88' lang='lat' dir='ltr'><strong>quod</strong></span> <span class='ocrx_word' id='word_1_203' title='bbox 325 2339 380 2394; x_wconf 86' lang='lat' dir='ltr'><strong>ea,</strong></span> <span class='ocrx_word' id='word_1_204' title='bbox 406 2339 482 2400; x_wconf 90' lang='lat' dir='ltr'><strong>quae</strong></span> <span class='ocrx_word' id='word_1_205' title='bbox 505 2320 536 2384; x_wconf 92' lang='lat' dir='ltr'><strong>iu</strong></span> <span class='ocrx_word' id='word_1_206' title='bbox 559 2329 680 2381; x_wconf 89' lang='lat' dir='ltr'><strong>oratore</strong></span> <span class='ocrx_word' id='word_1_207' title='bbox 696 2319 827 2381; x_wconf 84' lang='lat' dir='ltr'><strong>maxima</strong></span> <span class='ocrx_word' id='word_1_208' title='bbox 842 2329 929 2393; x_wconf 90' lang='lat' dir='ltr'><strong>sunt,</strong></span> <span class='ocrx_word' id='word_1_209' title='bbox 953 2316 1110 2379; x_wconf 87' lang='lat' dir='ltr'><strong>imitabilia</strong></span> <span class='ocrx_word' id='word_1_210' title='bbox 1132 2336 1192 2377; x_wconf 93' lang='lat' dir='ltr'><strong>nou</strong></span> <span class='ocrx_word' id='word_1_211' title='bbox 1208 2325 1289 2386; x_wconf 90' lang='lat' dir='ltr'><strong>sunt,</strong></span> 
     </span>
     <span class='ocr_line' id='line_1_24' title="bbox 227 2399 1291 2488; baseline -0.009 -20"><span class='ocrx_word' id='word_1_212' title='bbox 227 2403 392 2488; x_wconf 83' lang='lat' dir='ltr'><strong>ingenium,</strong></span> <span class='ocrx_word' id='word_1_213' title='bbox 410 2403 559 2482; x_wconf 89' lang='lat' dir='ltr'><strong>inventio,</strong></span> <span class='ocrx_word' id='word_1_214' title='bbox 576 2404 635 2480; x_wconf 88' lang='lat' dir='ltr'><strong>vis,</strong></span> <span class='ocrx_word' id='word_1_215' title='bbox 654 2402 781 2467; x_wconf 82' lang='lat' dir='ltr'><strong>facilitas</strong></span> <span class='ocrx_word' id='word_1_216' title='bbox 798 2413 829 2464; x_wconf 90' lang='lat' dir='ltr'><strong>et</strong></span> <span class='ocrx_word' id='word_1_217' title='bbox 844 2401 982 2484; x_wconf 87' lang='lat' dir='ltr'><strong>quidquid</strong></span> <span class='ocrx_word' id='word_1_218' title='bbox 999 2410 1063 2462; x_wconf 89' lang='lat' dir='ltr'><strong>arte</strong></span> <span class='ocrx_word' id='word_1_219' title='bbox 1078 2419 1137 2462; x_wconf 91' lang='lat' dir='ltr'><strong>nou</strong></span> <span class='ocrx_word' id='word_1_220' title='bbox 1154 2399 1291 2460; x_wconf 89' lang='lat' dir='ltr'><strong>traditur.</strong></span> 
     </span>
     <span class='ocr_line' id='line_1_25' title="bbox 180 2485 1294 2575; baseline -0.007 -23"><span class='ocrx_word' id='word_1_221' title='bbox 180 2501 211 2552; x_wconf 87' lang='lat'><strong>13</strong></span> <span class='ocrx_word' id='word_1_222' title='bbox 228 2491 355 2574; x_wconf 85' lang='lat' dir='ltr'><strong>Ideoque</strong></span> <span class='ocrx_word' id='word_1_223' title='bbox 370 2485 522 2575; x_wconf 87' lang='lat' dir='ltr'><strong>plerique,</strong></span> <span class='ocrx_word' id='word_1_224' title='bbox 552 2511 619 2552; x_wconf 91' lang='lat' dir='ltr'><strong>cum</strong></span> <span class='ocrx_word' id='word_1_225' title='bbox 641 2488 735 2552; x_wconf 89' lang='lat' dir='ltr'><strong>verba</strong></span> <span class='ocrx_word' id='word_1_226' title='bbox 750 2508 791 2552; x_wconf 84' lang='lat' dir='ltr'><strong>ex</strong></span> <span class='ocrx_word' id='word_1_227' title='bbox 806 2485 991 2549; x_wconf 91' lang='lat' dir='ltr'><strong>orationibus</strong></span> <span class='ocrx_word' id='word_1_228' title='bbox 1008 2493 1226 2568; x_wconf 86' lang='lat' dir='ltr'><strong>excerpserunt</strong></span> <span class='ocrx_word' id='word_1_229' title='bbox 1241 2493 1294 2546; x_wconf 86' lang='lat' dir='ltr'><strong>aut</strong></span> 
     </span>
     <span class='ocr_line' id='line_1_26' title="bbox 229 2569 1293 2659; baseline -0.011 -19"><span class='ocrx_word' id='word_1_230' title='bbox 229 2577 344 2659; x_wconf 87' lang='lat' dir='ltr'><strong>aliquos</strong></span> <span class='ocrx_word' id='word_1_231' title='bbox 360 2575 586 2659; x_wconf 87' lang='lat' dir='ltr'><strong>compositionis</strong></span> <span class='ocrx_word' id='word_1_232' title='bbox 611 2585 709 2638; x_wconf 88' lang='lat' dir='ltr'><strong>certos</strong></span> <span class='ocrx_word' id='word_1_233' title='bbox 733 2574 841 2656; x_wconf 82' lang='lat' dir='ltr'><strong>pedes:</strong></span> <span class='ocrx_word' id='word_1_234' title='bbox 867 2571 942 2634; x_wconf 87' lang='lat' dir='ltr'><strong>mire</strong></span> <span class='ocrx_word' id='word_1_235' title='bbox 964 2591 982 2632; x_wconf 92' lang='lat' dir='ltr'><strong>a</strong></span> <span class='ocrx_word' id='word_1_236' title='bbox 1002 2590 1035 2634; x_wconf 90' lang='lat' dir='ltr'><strong>se</strong></span> <span class='ocrx_word' id='word_1_237' title='bbox 1058 2588 1133 2652; x_wconf 91' lang='lat' dir='ltr'><strong>quae</strong></span> <span class='ocrx_word' id='word_1_238' title='bbox 1155 2569 1293 2652; x_wconf 83' lang='lat' dir='ltr'><strong>legerunt</strong></span> 
     </span>
    </p>
   </div>
   <div class='ocr_carea' id='block_1_3' title="bbox 231 2655 1294 2746">
    <p class='ocr_par' dir='ltr' id='par_1_3' title="bbox 231 2655 1294 2746">
     <span class='ocr_line' id='line_1_27' title="bbox 231 2655 1294 2746; baseline -0.01 -20"><span class='ocrx_word' id='word_1_239' title='bbox 231 2662 328 2746; x_wconf 82' lang='lat' dir='ltr'><strong>effingi</strong></span> <span class='ocrx_word' id='word_1_240' title='bbox 356 2661 556 2738; x_wconf 81' lang='lat' dir='ltr'><strong>arbitrantur3</strong></span> <span class='ocrx_word' id='word_1_241' title='bbox 590 2682 657 2722; x_wconf 92' lang='lat' dir='ltr'><strong>cum</strong></span> <span class='ocrx_word' id='word_1_242' title='bbox 679 2671 709 2722; x_wconf 90' lang='lat' dir='ltr'><strong>et</strong></span> <span class='ocrx_word' id='word_1_243' title='bbox 730 2658 821 2722; x_wconf 89' lang='lat' dir='ltr'><strong>verba</strong></span> <span class='ocrx_word' id='word_1_244' title='bbox 841 2655 1021 2720; x_wconf 86' lang='lat' dir='ltr'><strong>intercidant</strong></span> <span class='ocrx_word' id='word_1_245' title='bbox 1047 2655 1294 2735; x_wconf 86' lang='lat' dir='ltr'><strong>invalescantque</strong></span> 
     </span>
    </p>
   </div>
   <div class='ocr_carea' id='block_1_4' title="bbox 260 2910 1398 2982">
    <p class='ocr_par' dir='ltr' id='par_1_4' title="bbox 260 2910 1398 2982">
     <span class='ocr_line' id='line_1_28' title="bbox 260 2910 1398 2982; baseline -0.01 -15"><span class='ocrx_word' id='word_1_246' title='bbox 260 2919 286 2968; x_wconf 83' lang='lat'><strong>9.</strong></span> <span class='ocrx_word' id='word_1_247' title='bbox 301 2916 610 2982; x_wconf 64' lang='lat' dir='ltr'><strong>oratoremperffectum.</strong></span> <span class='ocrx_word' id='word_1_248' title='bbox 622 2917 649 2968; x_wconf 88' lang='lat' dir='ltr'><strong>S.</strong></span> <span class='ocrx_word' id='word_1_249' title='bbox 658 2917 682 2980; x_wconf 72' lang='lat'><strong>§-</strong></span> <span class='ocrx_word' id='word_1_250' title='bbox 691 2917 733 2974; x_wconf 81' lang='lat'><strong>28,</strong></span> <span class='ocrx_word' id='word_1_251' title='bbox 824 2916 865 2964; x_wconf 84' lang='grc'><strong>14.</strong></span> <span class='ocrx_word' id='word_1_252' title='bbox 875 2917 1060 2964; x_wconf 71' lang='lat' dir='ltr'><strong>coactissimo.</strong></span> <span class='ocrx_word' id='word_1_253' title='bbox 1074 2913 1199 2963; x_wconf 76' lang='lat' dir='ltr'><strong>Euaetus</strong></span> <span class='ocrx_word' id='word_1_254' title='bbox 1210 2910 1296 2976; x_wconf 86' lang='lat' dir='ltr'><strong>„voll·</strong></span> <span class='ocrx_word' id='word_1_255' title='bbox 1397 2961 1398 2966; x_wconf 42' lang='grc'>,</span> 
     </span>
    </p>
   </div>
   <div class='ocr_carea' id='block_1_5' title="bbox 263 2979 1295 3068">
    <p class='ocr_par' dir='ltr' id='par_1_5' title="bbox 263 2979 1295 3068">
     <span class='ocr_line' id='line_1_29' title="bbox 263 2979 1295 3068; baseline -0.019 -21"><span class='ocrx_word' id='word_1_256' title='bbox 263 3003 305 3053; x_wconf 86' lang='lat'><strong>10.</strong></span> <span class='ocrx_word' id='word_1_257' title='bbox 325 2989 494 3068; x_wconf 69' lang='lat' dir='ltr'><strong>Adde&#39;qu0d‚</strong></span> <span class='ocrx_word' id='word_1_258' title='bbox 510 3017 531 3050; x_wconf 61' lang='lat' dir='ltr'><strong>s.</strong></span> <span class='ocrx_word' id='word_1_259' title='bbox 547 2999 654 3052; x_wconf 64' lang='grc' dir='ltr'><strong>Εῑῃιθη,</strong></span> <span class='ocrx_word' id='word_1_260' title='bbox 788 2983 887 3033; x_wconf 88' lang='lat' dir='ltr'><strong>endet“</strong></span> <span class='ocrx_word' id='word_1_261' title='bbox 905 2982 947 3032; x_wconf 91' lang='lat' dir='ltr'><strong>bei</strong></span> <span class='ocrx_word' id='word_1_262' title='bbox 967 2981 1017 3047; x_wconf 80' lang='lat' dir='ltr'><strong>Qu.</strong></span> <span class='ocrx_word' id='word_1_263' title='bbox 1037 2981 1099 3030; x_wconf 91' lang='lat' dir='ltr'><strong>uocb</strong></span> <span class='ocrx_word' id='word_1_264' title='bbox 1114 2983 1146 3043; x_wconf 79' lang='lat' dir='ltr'><strong>t,</strong></span> <span class='ocrx_word' id='word_1_265' title='bbox 1160 2980 1210 3043; x_wconf 85' lang='lat'><strong>30,</strong></span> <span class='ocrx_word' id='word_1_266' title='bbox 1225 2979 1295 3029; x_wconf 87' lang='lat' dir='ltr'><strong>nicht</strong></span> 
     </span>
    </p>
   </div>
   <div class='ocr_carea' id='block_1_6' title="bbox 230 3049 1296 3216">
    <p class='ocr_par' dir='ltr' id='par_1_6' title="bbox 230 3049 1296 3216">
     <span class='ocr_line' id='line_1_30' title="bbox 266 3049 1281 3158; baseline -0.047 -18"><span class='ocrx_word' id='word_1_267' title='bbox 266 3089 418 3140; x_wconf 64' lang='lat' dir='ltr'><strong>discrimine</strong></span> <span class='ocrx_word' id='word_1_268' title='bbox 433 3113 463 3125; x_wconf 97' lang='lat'>-</span> <span class='ocrx_word' id='word_1_269' title='bbox 478 3086 688 3150; x_wconf 79' lang='lat' dir='ltr'><strong>discernuntur,</strong></span> <span class='ocrx_word' id='word_1_270' title='bbox 713 3103 734 3136; x_wconf 85' lang='lat' dir='ltr'><strong>s.</strong></span> <span class='ocrx_word' id='word_1_271' title='bbox 784 3051 829 3101; x_wconf 61' lang='lat' dir='ltr'><strong>lei</strong></span> <span class='ocrx_word' id='word_1_272' title='bbox 843 3049 945 3152; x_wconf 59' lang='lat' dir='ltr'><strong>elim·</strong></span> <span class='ocrx_word' id='word_1_273' title='bbox 1275 3147 1281 3158; x_wconf 28' lang='grc' dir='ltr'><strong><em>ο</em></strong></span> 
     </span>
     <span class='ocr_line' id='line_1_31' title="bbox 230 3146 1296 3216; baseline -0.054 26"><span class='ocrx_word' id='word_1_274' title='bbox 230 3157 337 3209; x_wconf 61' lang='lat' dir='ltr'><strong>Einlelt·</strong></span> <span class='ocrx_word' id='word_1_275' title='bbox 799 3207 804 3212; x_wconf 58' lang='grc'><em>,</em></span> <span class='ocrx_word' id='word_1_276' title='bbox 824 3152 865 3202; x_wconf 85' lang='lat'><strong>15.</strong></span> <span class='ocrx_word' id='word_1_277' title='bbox 881 3155 955 3202; x_wconf 82' lang='lat' dir='ltr'><strong>inter</strong></span> <span class='ocrx_word' id='word_1_278' title='bbox 967 3154 1051 3216; x_wconf 82' lang='lat' dir='ltr'><strong>ipsos.</strong></span> <span class='ocrx_word' id='word_1_279' title='bbox 1077 3148 1125 3199; x_wconf 91' lang='lat' dir='ltr'><strong>Die</strong></span> <span class='ocrx_word' id='word_1_280' title='bbox 1137 3163 1186 3200; x_wconf 91' lang='lat' dir='ltr'><strong>von</strong></span> <span class='ocrx_word' id='word_1_281' title='bbox 1200 3146 1296 3198; x_wconf 78' lang='lat' dir='ltr'><strong>lluddn.</strong></span> 
     </span>
    </p>
   </div>
   <div class='ocr_carea' id='block_1_7' title="bbox 228 3215 1297 3374">
    <p class='ocr_par' dir='ltr' id='par_1_7' title="bbox 228 3215 1297 3374">
     <span class='ocr_line' id='line_1_32' title="bbox 266 3215 1297 3308; baseline -0.021 -21"><span class='ocrx_word' id='word_1_282' title='bbox 266 3241 307 3292; x_wconf 80' lang='lat'><strong>12.</strong></span> <span class='ocrx_word' id='word_1_283' title='bbox 328 3243 403 3306; x_wconf 71' lang='lat' dir='ltr'><strong>quod</strong></span> <span class='ocrx_word' id='word_1_284' title='bbox 420 3268 457 3280; x_wconf 88' lang='lat'><strong>...</strong></span> <span class='ocrx_word' id='word_1_285' title='bbox 472 3242 553 3308; x_wconf 67' lang='lat' dir='ltr'><em>quod,</em></span> <span class='ocrx_word' id='word_1_286' title='bbox 578 3238 677 3303; x_wconf 64' lang='lat' dir='ltr'><strong>wege„</strong></span> <span class='ocrx_word' id='word_1_287' title='bbox 691 3240 738 3290; x_wconf 63' lang='lat' dir='ltr'><strong>pe,</strong></span> <span class='ocrx_word' id='word_1_288' title='bbox 779 3215 985 3272; x_wconf 77' lang='lat' dir='ltr'><strong>&#39;mann&#39;l&#39;omll</strong></span> <span class='ocrx_word' id='word_1_289' title='bbox 994 3219 1061 3300; x_wconf 84' lang='lat' dir='ltr'><strong>p.55</strong></span> <span class='ocrx_word' id='word_1_290' title='bbox 1074 3215 1297 3298; x_wconf 78' lang='lat' dir='ltr'><strong>aufgestelltelle·</strong></span> 
     </span>
     <span class='ocr_line' id='line_1_33' title="bbox 228 3285 1296 3374; baseline -0.021 -18"><span class='ocrx_word' id='word_1_291' title='bbox 228 3309 465 3374; x_wconf 72' lang='lat' dir='ltr'><strong>Wiedenholungs,</strong></span> <span class='ocrx_word' id='word_1_292' title='bbox 483 3309 590 3361; x_wconf 51' lang='lat' dir='ltr'><strong>Ejflleit.</strong></span> <span class='ocrx_word' id='word_1_293' title='bbox 640 3355 642 3358; x_wconf 22' lang='lat'>¹</span> <span class='ocrx_word' id='word_1_294' title='bbox 721 3331 724 3338; x_wconf 93' lang='lat'><strong>.</strong></span> <span class='ocrx_word' id='word_1_295' title='bbox 789 3285 1296 3355; x_wconf 79' lang='lat' dir='ltr'><strong>gel,dassanfemeuNomrnatrvoder</strong></span> 
     </span>
    </p>
   </div>
   <div class='ocr_carea' id='block_1_8' title="bbox 264 3353 1303 3448">
    <p class='ocr_par' dir='ltr' id='par_1_8' title="bbox 264 3353 1303 3448">
     <span class='ocr_line' id='line_1_34' title="bbox 264 3353 1303 3448; baseline -0.023 -22"><span class='ocrx_word' id='word_1_296' title='bbox 264 3383 314 3430; x_wconf 79' lang='lat' dir='ltr'><strong>uis.</strong></span> <span class='ocrx_word' id='word_1_297' title='bbox 334 3375 431 3448; x_wconf 21' lang='lat' dir='ltr'><strong>Vgl.v§.</strong></span> <span class='ocrx_word' id='word_1_298' title='bbox 448 3379 491 3428; x_wconf 77' lang='lat'><strong>25,</strong></span> <span class='ocrx_word' id='word_1_299' title='bbox 509 3380 534 3444; x_wconf 61' lang='lat'><strong>1,</strong></span> <span class='ocrx_word' id='word_1_300' title='bbox 550 3377 608 3430; x_wconf 80' lang='lat'><strong>108,</strong></span> <span class='ocrx_word' id='word_1_301' title='bbox 790 3359 927 3418; x_wconf 77' lang='lat' dir='ltr'><strong>Ae&#39;cusatiu</strong></span> <span class='ocrx_word' id='word_1_302' title='bbox 941 3359 1053 3421; x_wconf 76' lang='lat' dir='ltr'><strong>beregen</strong></span> <span class='ocrx_word' id='word_1_303' title='bbox 1064 3373 1110 3406; x_wconf 90' lang='lat' dir='ltr'><strong>nur</strong></span> <span class='ocrx_word' id='word_1_304' title='bbox 1123 3360 1240 3417; x_wconf 77' lang='lat' dir='ltr'><strong>interae,</strong></span> <span class='ocrx_word' id='word_1_305' title='bbox 1255 3353 1303 3403; x_wconf 89' lang='lat' dir='ltr'><strong>uuf</strong></span> 
     </span>
    </p>
   </div>
   <div class='ocr_carea' id='block_1_9' title="bbox 268 3422 1366 3562">
    <p class='ocr_par' dir='ltr' id='par_1_9' title="bbox 268 3422 1366 3562">
     <span class='ocr_line' id='line_1_35' title="bbox 268 3422 1366 3562; baseline -0.015 -48"><span class='ocrx_word' id='word_1_306' title='bbox 268 3464 311 3516; x_wconf 83' lang='lat'><strong>13.</strong></span> <span class='ocrx_word' id='word_1_307' title='bbox 332 3468 493 3513; x_wconf 77' lang='lat' dir='ltr'><strong>numerate.</strong></span> <span class='ocrx_word' id='word_1_308' title='bbox 522 3463 575 3514; x_wconf 84' lang='lat' dir='ltr'><strong>Der</strong></span> <span class='ocrx_word' id='word_1_309' title='bbox 592 3461 739 3515; x_wconf 84' lang='lat' dir='ltr'><strong>einscbriiu-</strong></span> <span class='ocrx_word' id='word_1_310' title='bbox 778 3422 1299 3562; x_wconf 40' lang='grc' dir='ltr'><strong>(ἐξῗὲζὲξθὲθξὲἓῗβψῗέἴ,3Ξὲἔὲι’)’ἑί</strong></span> <span class='ocrx_word' id='word_1_311' title='bbox 1362 3465 1366 3474; x_wconf 92' lang='lat'><em>·</em></span> 
     </span>
    </p>
   </div>
   <div class='ocr_carea' id='block_1_10' title="bbox 232 3531 1297 3697">
    <p class='ocr_par' dir='ltr' id='par_1_10' title="bbox 232 3531 1297 3697">
     <span class='ocr_line' id='line_1_36' title="bbox 232 3531 1296 3620; baseline -0.012 -1"><span class='ocrx_word' id='word_1_312' title='bbox 232 3533 315 3584; x_wconf 48' lang='lat' dir='ltr'><strong>mile</strong></span> <span class='ocrx_word' id='word_1_313' title='bbox 323 3531 481 3612; x_wconf 61' lang='lat' dir='ltr'><strong>Gausalsatz.</strong></span> <span class='ocrx_word' id='word_1_314' title='bbox 489 3532 605 3598; x_wconf 65' lang='lat' dir='ltr'><strong>⁵⁰hl-el&#39;l&#39;l</strong></span> <span class='ocrx_word' id='word_1_315' title='bbox 612 3531 675 3611; x_wconf 51' lang='grc' dir='ltr'><strong>ΠΨ</strong></span> <span class='ocrx_word' id='word_1_316' title='bbox 683 3531 738 3582; x_wconf 65' lang='lat'>‘¹⁶¹⁰</span> <span class='ocrx_word' id='word_1_317' title='bbox 816 3581 840 3614; x_wconf 91' lang='lat' dir='ltr'><strong>u.</strong></span> <span class='ocrx_word' id='word_1_318' title='bbox 850 3565 919 3614; x_wconf 84' lang='lat' dir='ltr'><strong>scine</strong></span> <span class='ocrx_word' id='word_1_319' title='bbox 926 3561 1110 3611; x_wconf 83' lang='lat' dir='ltr'><strong>volllsommene</strong></span> <span class='ocrx_word' id='word_1_320' title='bbox 1120 3555 1296 3620; x_wconf 78' lang='lat' dir='ltr'><strong>Bestiitignng.</strong></span> 
     </span>
     <span class='ocr_line' id='line_1_37' title="bbox 232 3599 1297 3697; baseline -0.011 -46"><span class='ocrx_word' id='word_1_321' title='bbox 232 3599 391 3651; x_wconf 82' lang='lat' dir='ltr'><strong>Gescbmaels</strong></span> <span class='ocrx_word' id='word_1_322' title='bbox 404 3601 448 3651; x_wconf 86' lang='lat' dir='ltr'><strong>des</strong></span> <span class='ocrx_word' id='word_1_323' title='bbox 461 3601 590 3652; x_wconf 86' lang='lat' dir='ltr'><strong>sulberuen</strong></span> <span class='ocrx_word' id='word_1_324' title='bbox 600 3600 740 3650; x_wconf 85' lang='lat' dir='ltr'><strong>Zeutalters</strong></span> <span class='ocrx_word' id='word_1_325' title='bbox 786 3631 850 3696; x_wconf 33' lang='grc' dir='ltr'><strong>νει,</strong></span> <span class='ocrx_word' id='word_1_326' title='bbox 866 3633 889 3697; x_wconf 69' lang='lat'><strong>§-</strong></span> <span class='ocrx_word' id='word_1_327' title='bbox 904 3629 1032 3692; x_wconf 81' lang='lat'><strong>23.1‚14.</strong></span> <span class='ocrx_word' id='word_1_328' title='bbox 1047 3626 1101 3690; x_wconf 45' lang='lat' dir='ltr'><strong>Cic·</strong></span> <span class='ocrx_word' id='word_1_329' title='bbox 1116 3623 1167 3674; x_wconf 44' lang='lat' dir='ltr'><strong>Off·</strong></span> <span class='ocrx_word' id='word_1_330' title='bbox 1179 3623 1199 3688; x_wconf 50' lang='lat' dir='ltr'><strong>p,</strong></span> <span class='ocrx_word' id='word_1_331' title='bbox 1213 3625 1254 3689; x_wconf 57' lang='grc'><strong>16,</strong></span> <span class='ocrx_word' id='word_1_332' title='bbox 1264 3625 1279 3674; x_wconf 86' lang='lat'><strong>3</strong></span> <span class='ocrx_word' id='word_1_333' title='bbox 1291 3643 1297 3674; x_wconf 43' lang='grc' dir='ltr'>ι</span> 
     </span>
    </p>
   </div>
   <div class='ocr_carea' id='block_1_11' title="bbox 230 3667 743 3804">
    <p class='ocr_par' dir='ltr' id='par_1_11' title="bbox 230 3667 743 3804">
     <span class='ocr_line' id='line_1_38' title="bbox 230 3667 584 3736; baseline 0.014 -21"><span class='ocrx_word' id='word_1_334' title='bbox 230 3667 380 3732; x_wconf 78' lang='lat' dir='ltr'><strong>hiuterber3</strong></span> <span class='ocrx_word' id='word_1_335' title='bbox 396 3671 489 3720; x_wconf 89' lang='lat' dir='ltr'><strong>ebenso</strong></span> <span class='ocrx_word' id='word_1_336' title='bbox 503 3669 527 3736; x_wconf 66' lang='grc' dir='ltr'><strong>ξ.</strong></span> <span class='ocrx_word' id='word_1_337' title='bbox 542 3669 584 3720; x_wconf 84' lang='lat'><strong>23.</strong></span> 
     </span>
     <span class='ocr_line' id='line_1_39' title="bbox 266 3737 743 3804; baseline 0.006 -19"><span class='ocrx_word' id='word_1_338' title='bbox 266 3753 361 3804; x_wconf 83' lang='lat' dir='ltr'><strong>euque.</strong></span> <span class='ocrx_word' id='word_1_339' title='bbox 388 3738 438 3788; x_wconf 84' lang='lat' dir='ltr'><strong>Ein</strong></span> <span class='ocrx_word' id='word_1_340' title='bbox 459 3737 609 3804; x_wconf 79' lang='lat' dir='ltr'><strong>Uebergang</strong></span> <span class='ocrx_word' id='word_1_341' title='bbox 629 3739 674 3788; x_wconf 90' lang='lat' dir='ltr'><strong>der</strong></span> <span class='ocrx_word' id='word_1_342' title='bbox 698 3745 743 3788; x_wconf 76' lang='grc' dir='ltr'><strong>ιι·-</strong></span> 
     </span>
    </p>
   </div>
   <div class='ocr_carea' id='block_1_12' title="bbox 170 3804 1299 3942">
    <p class='ocr_par' dir='ltr' id='par_1_12' title="bbox 170 3804 1299 3942">
     <span class='ocr_line' id='line_1_40' title="bbox 170 3804 1299 3891; baseline -0.003 -33"><span class='ocrx_word' id='word_1_343' title='bbox 170 3855 173 3858; x_wconf 89' lang='grc'>.</span> <span class='ocrx_word' id='word_1_344' title='bbox 231 3804 328 3856; x_wconf 86' lang='lat' dir='ltr'><strong>lativen</strong></span> <span class='ocrx_word' id='word_1_345' title='bbox 353 3805 380 3854; x_wconf 92' lang='lat' dir='ltr'><strong>in</strong></span> <span class='ocrx_word' id='word_1_346' title='bbox 398 3806 439 3857; x_wconf 91' lang='lat' dir='ltr'><strong>die</strong></span> <span class='ocrx_word' id='word_1_347' title='bbox 459 3805 743 3872; x_wconf 6' lang='lat' dir='ltr'><strong>demonstrativeNCon·</strong></span> <span class='ocrx_word' id='word_1_348' title='bbox 796 3846 854 3891; x_wconf 60' lang='lat' dir='ltr'><strong>tm</strong></span> <span class='ocrx_word' id='word_1_349' title='bbox 867 3835 1018 3888; x_wconf 56' lang='lat' dir='ltr'><strong><em>hominibus</em></strong></span> <span class='ocrx_word' id='word_1_350' title='bbox 1038 3835 1160 3884; x_wconf 58' lang='lat' dir='ltr'><em>interi</em></span> <span class='ocrx_word' id='word_1_351' title='bbox 1187 3847 1299 3883; x_wconf 55' lang='lat' dir='ltr'><strong>som,</strong></span> 
     </span>
     <span class='ocr_line' id='line_1_41' title="bbox 177 3850 1181 3942; baseline 0 -18"><span class='ocrx_word' id='word_1_352' title='bbox 177 3919 180 3924; x_wconf 92' lang='lat'><strong>.</strong></span> <span class='ocrx_word' id='word_1_353' title='bbox 235 3875 368 3938; x_wconf 88' lang='lat' dir='ltr'><strong>structiou,</strong></span> <span class='ocrx_word' id='word_1_354' title='bbox 382 3875 431 3925; x_wconf 89' lang='lat' dir='ltr'><strong>wie</strong></span> <span class='ocrx_word' id='word_1_355' title='bbox 446 3877 580 3942; x_wconf 79' lang='lat' dir='ltr'><strong>ersicbin</strong></span> <span class='ocrx_word' id='word_1_356' title='bbox 595 3874 743 3939; x_wconf 82' lang='lat' dir='ltr'><strong>zweiglied-</strong></span> <span class='ocrx_word' id='word_1_357' title='bbox 1160 3850 1181 3899; x_wconf 68' lang='grc' dir='ltr'><em>Ρ</em></span> 
     </span>
    </p>
   </div>
   <div class='ocr_carea' id='block_1_13' title="bbox 236 3907 1302 4082">
    <p class='ocr_par' dir='ltr' id='par_1_13' title="bbox 236 3907 1302 4082">
     <span class='ocr_line' id='line_1_42' title="bbox 236 3907 1223 4036; baseline -0.089 -26"><span class='ocrx_word' id='word_1_358' title='bbox 236 3925 518 4036; x_wconf 48' lang='grc' dir='ltr'><strong>ζξῶ·ᾖιὲὲιιιιιιιιιιι</strong></span> <span class='ocrx_word' id='word_1_359' title='bbox 539 3944 622 4008; x_wconf 73' lang='lat' dir='ltr'><strong>lulag</strong></span> <span class='ocrx_word' id='word_1_360' title='bbox 643 3943 685 3994; x_wconf 76' lang='lat' dir='ltr'><strong>nu</strong></span> <span class='ocrx_word' id='word_1_361' title='bbox 698 3942 754 3996; x_wconf 63' lang='lat' dir='ltr'><strong>cu„</strong></span> <span class='ocrx_word' id='word_1_362' title='bbox 795 3913 878 3960; x_wconf 67' lang='lat' dir='ltr'><strong>cretas</strong></span> <span class='ocrx_word' id='word_1_363' title='bbox 891 3907 956 3954; x_wconf 64' lang='lat' dir='ltr'><strong>laec</strong></span> <span class='ocrx_word' id='word_1_364' title='bbox 969 3907 1019 3978; x_wconf 61' lang='lat' dir='ltr'><strong>ep,</strong></span> <span class='ocrx_word' id='word_1_365' title='bbox 1218 4003 1223 4014; x_wconf 35' lang='grc' dir='ltr'>Ι</span> 
     </span>
     <span class='ocr_line' id='line_1_43' title="bbox 378 4000 1302 4082; baseline -0.051 14"><span class='ocrx_word' id='word_1_366' title='bbox 378 4013 435 4062; x_wconf 54' lang='lat' dir='ltr'><strong>ug</strong></span> <span class='ocrx_word' id='word_1_367' title='bbox 461 4013 565 4082; x_wconf 83' lang='lat' dir='ltr'><strong>Zumpts</strong></span> <span class='ocrx_word' id='word_1_368' title='bbox 582 4011 625 4064; x_wconf 80' lang='lat' dir='ltr'><strong>Gr·</strong></span> <span class='ocrx_word' id='word_1_369' title='bbox 641 4012 738 4079; x_wconf 82' lang='lat'><strong>§.806.</strong></span> <span class='ocrx_word' id='word_1_370' title='bbox 762 4065 765 4072; x_wconf 60' lang='grc'><strong>,</strong></span> <span class='ocrx_word' id='word_1_371' title='bbox 827 4008 925 4060; x_wconf 87' lang='lat' dir='ltr'><strong>Nee·</strong></span> <span class='ocrx_word' id='word_1_372' title='bbox 942 4007 1048 4058; x_wconf 82' lang='lat' dir='ltr'><strong>saltem.</strong></span> <span class='ocrx_word' id='word_1_373' title='bbox 1076 4005 1178 4058; x_wconf 85' lang='lat' dir='ltr'><strong>Saltem</strong></span> <span class='ocrx_word' id='word_1_374' title='bbox 1191 4009 1237 4052; x_wconf 86' lang='grc' dir='ltr'><strong>ιιιιι</strong></span> <span class='ocrx_word' id='word_1_375' title='bbox 1256 4000 1302 4050; x_wconf 89' lang='lat' dir='ltr'><strong>der</strong></span> 
     </span>
    </p>
   </div>
   <div class='ocr_carea' id='block_1_14' title="bbox 794 3694 1301 3829">
    <p class='ocr_par' dir='ltr' id='par_1_14' title="bbox 794 3694 1301 3829">
     <span class='ocr_line' id='line_1_44' title="bbox 796 3694 1300 3764; baseline -0.02 -11"><span class='ocrx_word' id='word_1_376' title='bbox 796 3705 900 3764; x_wconf 81' lang='lat' dir='ltr'><strong>oratio,</strong></span> <span class='ocrx_word' id='word_1_377' title='bbox 920 3713 1032 3763; x_wconf 82' lang='lat' dir='ltr'><strong>quac-</strong></span> <span class='ocrx_word' id='word_1_378' title='bbox 1051 3694 1182 3745; x_wconf 79' lang='lat' dir='ltr'><strong>conciliat</strong></span> <span class='ocrx_word' id='word_1_379' title='bbox 1204 3697 1300 3744; x_wconf 82' lang='lat' dir='ltr'><strong>inter</strong></span> 
     </span>
     <span class='ocr_line' id='line_1_45' title="bbox 794 3762 1301 3829; baseline -0.016 -9"><span class='ocrx_word' id='word_1_380' title='bbox 794 3787 827 3820; x_wconf 86' lang='lat' dir='ltr'><strong>se</strong></span> <span class='ocrx_word' id='word_1_381' title='bbox 841 3771 976 3826; x_wconf 71' lang='lat' dir='ltr'><strong>beminen,-</strong></span> <span class='ocrx_word' id='word_1_382' title='bbox 996 3762 1032 3817; x_wconf 88' lang='lat' dir='ltr'><strong>ib.</strong></span> <span class='ocrx_word' id='word_1_383' title='bbox 1054 3765 1083 3813; x_wconf 86' lang='lat'><strong>5:</strong></span> <span class='ocrx_word' id='word_1_384' title='bbox 1104 3763 1235 3814; x_wconf 68' lang='lat' dir='ltr'><strong>fatismmc</strong></span> <span class='ocrx_word' id='word_1_385' title='bbox 1248 3777 1301 3829; x_wconf 85' lang='lat' dir='ltr'><strong>pa-</strong></span> 
     </span>
    </p>
   </div>
   <div class='ocr_carea' id='block_1_15' title="bbox 0 0 1410 4748">
    <p class='ocr_par' dir='ltr' id='par_1_15' title="bbox 0 0 1410 4748">
     <span class='ocr_line' id='line_1_46' title="bbox 0 0 1410 4748; baseline 0 0"><span class='ocrx_word' id='word_1_386' title='bbox 0 0 1410 4748; x_wconf 95' lang='lat' dir='ltr'><strong> </strong></span> 
     </span>
    </p>
   </div>
  </div>
 </body>
</html>
