2800 4748
458 374 566 429 cnrur
579 375 622 428 vt.
644 377 667 442 a.
683 380 707 428 r.
728 378 784 429 vu.
805 379 828 444 q.
845 378 921 429 1-3.
1182 363 1221 424 59

154 541 318 606 retrorsus,
338 530 423 612 quia,
443 530 510 591 dum
526 529 577 592 illa
593 530 817 610 desideramus,
842 530 880 593 ab
900 530 967 593 aliis
984 531 1165 607 avertimur,
1190 542 1220 594 et

154 635 195 678 ex
217 615 362 679 memoria
387 614 485 698 potius
506 615 669 697 repetimus
695 637 781 698 quam
804 637 845 680 ex
865 615 1003 678 materia.
1043 616 1134 678 Plura
1149 629 1220 680 sunt

154 711 271 777 autem,
297 700 323 762 si
349 711 504 782 utrumque
527 701 727 781 quaerendum
752 712 817 777 est,
843 721 916 784 quae
939 700 1069 764 inveniri
1094 712 1219 785 possunt

153 807 240 867 quam
257 805 332 866 quae
348 786 471 848 inventa
489 795 570 847 sunt.

529 1045 852 1055 ———--——

576 1259 708 1312 CAPUT
743 1259 800 1312 Vll.

172 1411 542 1490 QUEMADMODUM
579 1409 955 1477 EXTEMPORALIS
999 1410 1256 1475 FAGlLl'l'AS
1301 1443 1305 1450 ·

376 1512 593 1578 PARETUR
615 1517 671 1576 ET
694 1513 1052 1580 CONTINEATUR.

234 1735 387 1800 Maximus
415 1757 489 1801 vero
517 1737 683 1802 studiorum
707 1741 820 1802 fructus
842 1748 905 1814 est,
936 1740 1020 1802 velut
1048 1739 1210 1821 praemium
1236 1749 1247 1798 1

149 1821 296 1903 quoddam
311 1821 524 1906 amplissimum
546 1824 628 1909 longi
645 1824 774 1902 laboris,
799 1846 842 1888 ccc
858 1833 995 1908 tempore
1012 1823 1138 1886 dicendi
1153 1824 1214 1907 so-

151 1909 271 1983 mltos,
297 1928 386 1988 quam
402 1910 451 1989 qui
472 1928 531 1971 non
556 1910 613 1971 erit
628 1921 825 1983 consecutus,
849 1928 915 1968 mea
931 1907 1049 1988 quidem
1065 1910 1215 1978 sententia

149 1989 287 2052 civilibus
309 1992 410 2054 officiis
427 1993 611 2055 renuntiabit
632 2003 662 2055 et
683 1994 777 2056 solam
800 1990 950 2054 scribendi
972 1991 1140 2054 facultatem
1162 2014 1214 2077 po-

149 2074 209 2138 tius
233 2075 268 2137 ad
291 2075 350 2138 alia
372 2095 462 2160 opera
484 2081 651 2142 convertet.
691 2078 752 2141 Vix
768 2077 846 2141 enim
863 2076 960 2140 bonae
975 2077 1044 2140 lidei
1059 2078 1126 2141 viro
1143 2099 1214 2142 oon-

148 2160 233 2223 venit
255 2161 401 2224 auxilium
422 2163 453 2224 in
476 2163 623 2246 publicum
641 2162 793 2247 polliceri,
820 2163 896 2245 quod
912 2162 942 2225 iu
959 2163 1214 2245 praesentissimis

147 2245 312 2328 quibusque
328 2247 469 2329 periculis
486 2248 580 2326 desit3
605 2259 637 2312 ut
659 2249 773 2312 intrare
790 2259 904 2333 portum
922 2249 1007 2312 navis
1023 2248 1082 2312 nisi
1097 2248 1213 2312 lenibus

146 2331 247 2393 ventis
264 2341 348 2395 vecta
365 2354 425 2396 non
441 2334 547 2418 possit.
588 2334 739 2418 Siquidem
758 2333 992 2399 innumerabiles
1008 2334 1146 2397 accidunt
1162 2357 1210 2398 su·
1232 2347 1248 2394 2

145 2415 225 2479 bitae
241 2417 439 2482 necessitates
455 2420 504 2483 vel
520 2421 596 2504 apud
612 2422 804 2504 magistratus
819 2421 868 2484 vel
889 2421 1122 2504 repraesentatis
1137 2421 1224 2483 iudi-¹

147 2501 202 2574 ciis
219 2502 361 2566 continuo
377 2505 495 2586 agendi.
539 2506 667 2584 Quarum
684 2507 802 2588 siqua,
826 2526 885 2567 non
901 2505 968 2567 dico
985 2504 1150 2586 cuicunque
1166 2505 1213 2566 in·

147 2588 317 2666 nocentium
339 2588 450 2651 civium
480 2591 533 2651 sed
556 2591 720 2653 amicorum
737 2612 773 2653 ac
788 2589 1019 2673 propinquorum
1036 2586 1126 2651 alicui
1142 2609 1213 2652 eve·

147 2672 258 2748 uerit,
272 2671 402 2734 stabitne
419 2683 516 2735 mutus
539 2684 570 2736 et
591 2675 753 2737 salutarem
774 2673 945 2759 petentibus
969 2691 1072 2735 vocem
1096 2674 1213 2738 statim·

148 2775 215 2835 que,
234 2754 260 2819 si
277 2774 336 2817 non
353 2769 563 2837 succurratur,
588 2759 729 2843 perituris
745 2780 845 2823 moras
860 2769 891 2823 et
906 2778 1058 2824 secessum
1075 2770 1105 2821 et
1120 2759 1212 2822 silen-

147 2839 219 2902 tium
236 2851 377 2924 quaeret,
404 2842 470 2904 dum
486 2842 537 2906 illa
553 2845 645 2907 verba
661 2843 844 2908 fabricentur
858 2855 889 2909 et
904 2843 1066 2906 memoriae
1081 2844 1213 2908 insidant

147 2934 178 2988 et
192 2946 254 2989 vox
270 2947 305 2989 ac
322 2926 398 2990 latus
414 2931 629 3012 praeparetur?
660 2929 741 3008 Quae
756 2951 831 2994 vero
847 2929 958 3014 patitur
973 2929 1028 2991 hoc
1045 2930 1159 3007 oratio,
1177 2942 1211 2993 ut
1233 2941 1248 2989 3

146 3011 302 3093 quisquam
317 3013 413 3096 possit
428 3024 531 3076 orator
546 3015 704 3097 aliquando
721 3016 858 3083 omittere
875 3016 984 3080 casus?
1021 3013 1116 3092 Quid,
1142 3037 1209 3078 eum
1276 3067 1281 3078 ,
1304 3095 1307 3098 ¹

145 3231 194 3264 nur
206 3231 237 3265 an
251 3217 337 3268 dieser
347 3216 436 3281 Stelle,
451 3218 513 3269 docb
522 3219 601 3270 b'lters
611 3220 651 3270 bei
704 3235 794 3284 muno,
809 3234 861 3270 was
875 3219 900 3269 iu
915 3218 960 3268 der
972 3217 1090 3284 spiitcren
1099 3216 1157 3268 Zcit
1170 3219 1215 3268 da-

144 3281 245 3346 Cicero,
260 3300 307 3347 gor
319 3285 390 3333 nicht
402 3285 443 3334 bei
457 3286 547 3336 Gdsar.
706 3289 786 3338 neben
799 3289 833 3337 im
847 3286 995 3338 Gebraucbe
1012 3286 1055 3336 ist.

179 3366 233 3430 '²⁰²3
248 3378 280 3389 ”“
291 3355 403 3432 ‘illm’
419 3352 459 3402 ⁰l¹¹
473 3353 511 3403 bis
524 3369 572 3402 Μ
585 3353 653 3404 ⁰⁰¹¹·
740 3373 765 3422 2.
785 3374 998 3439 repraesentetis
1012 3372 1153 3438 „pllitzlicb
1167 3388 1213 3422 un·
1272 3399 1280 3411 ·

144 3417 242 3468 kelbert
268 3419 422 3484 pedrengter
445 3419 594 3485 Ausdruck3
620 3438 653 3472 zu
705 3440 929 3505 gespeppoefcvgp·
946 3441 1019 3492 Caes·
1035 3441 1063 3491 Β·
1080 3439 1110 3491 (3¹
1127 3439 1147 3502 p,
1161 3442 1210 3490 40²

144 3486 201 3536 ‘lem
221 3495 308 3538 0r⁸l⁰¹¹
328 3504 381 3540 ”⁰⁷2
399 3488 434 3538 ill
452 3504 499 3539 ⁸1¹⁸
519 3489 575 3570 ⁶⁰¹¹!
586 3489 654 3541 νοΐ·
704 3525 741 3574 se,
756 3511 829 3576 quod
840 3514 867 3561 in
881 3510 1030 3577 longiorem
1045 3508 1114 3558 diem
1129 3509 1211 3560 cotto-

144 3555 384 3621 bergebendenfiel
396 3562 486 3608 utetc.
501 3574 533 3608 zu
545 3559 653 3609 wreder-
705 3583 785 3628 pm,
810 3585 895 3641 met,
927 3581 1209 3645 ropraagontaturum.

145 3624 230 3674 ¹¹⁰1011·
705 3646 765 3698 Seu.
786 3645 868 3712 llpist.
883 3647 916 3697 95
937 3647 971 3696 in.
987 3645 1061 3695 Petis
1074 3660 1091 3693 a
1103 3660 1158 3707 ane,
1180 3652 1213 3696 ut

179 3709 203 3758 t.
219 3716 357 3762 retroccus
371 3712 438 3762 diter
450 3711 558 3777 beiQu.,
573 3711 652 3762 durch
706 3715 751 3776 td,
774 3714 847 3778 quod
865 3718 893 3763 in
912 3713 982 3764 diem
994 3728 1074 3763 eurem
1085 3714 1211 3764 demerem

144 3775 186 3824 die
205 3775 310 3828 llicbter
331 3780 357 3828 iu
382 3781 422 3831 die
447 3781 548 3847 spitero
573 3779 652 3830 Proca
705 3782 799 3832 debere
813 3781 933 3848 defferri,
948 3787 1158 3847 repraesentem.

144 3844 349 3910 llbssfgegfflssffl·
736 3867 1073 3932 potentibus-penteone
1086 3865 1211 3917 alsDetiv

180 3948 204 3997 1.
225 3950 253 3997 e'n
261 3949 399 4014 publicum
422 3966 500 4012 „zum
520 3950 651 4014 allgemei-
704 3951 736 3985 ²¹¹
750 3935 865 3985 uebmen.

143 4031 191 4065 nen
212 4014 343 4082 llutzen“,
364 4017 405 4067 bei
425 4017 514 4070 Cicero
533 4024 561 4071 in
580 4035 651 4070 com·
738 4019 813 4072 latua
838 4020 873 4071 ist
888 4020 922 4102 'in
942 4021 1028 4072 dieser
1046 4018 1212 4086 Verbindung

1179 4181 1387 4390 Δ
