2800 4748
196 363 236 426 62
552 376 902 443 carunculam-m.

146 542 177 594 12
192 541 242 592 tur
263 530 436 593 decurrere.
477 531 533 592 Sed
556 531 601 593 lic
617 551 689 594 usus
711 531 753 593 ita
769 530 921 614 proderit,
947 527 972 589 si
990 547 1025 589 ea
1041 528 1076 590 de
1092 549 1149 609 qua
1166 527 1259 590 locuti

195 629 298 680 sumus
319 635 369 678 ars
391 615 602 692 antecesserit,
628 625 661 678 ut
681 617 777 700 ipsum
800 615 890 692 illud,
915 613 992 698 quod
1015 611 1047 675 in
1062 612 1259 677 serationem

195 700 378 776 nonhabet,
402 700 432 763 in
455 699 572 762 rau'one
594 711 745 765 versetur.
784 701 862 765 Nam
878 698 951 763 mihi
967 718 1004 761 ue
1025 697 1124 761 dicere
1140 699 1258 781 quidem

194 786 314 849 videtur
329 785 386 847 nisi
396 784 447 866 qui
463 785 617 869 disposite,
637 797 754 865 ornate,
772 788 892 871 copiose
902 784 985 862 dicit,
1004 784 1055 847 sed
1071 784 1257 847 tumultuari.

147 885 177 935 13
193 871 256 936 Nec
278 868 393 932 fortuiti
415 871 564 935 sermonis
585 883 758 936 contextum
776 871 907 938 mirabor
923 891 1069 953 nuquam,
1096 889 1181 952 quem
1198 869 1260 932 iur-

195 955 333 1039 gantibus
353 954 443 1018 etiam
466 956 649 1020 mulierculis
673 959 859 1041 superfluere
882 958 989 1034 video3
1018 977 1085 1019 cum
1110 975 1145 1018 eo
1168 956 1276 1037 quods

194 1042 220 1106 si
236 1041 319 1104 calor
334 1061 368 1103 ao
383 1041 506 1125 spiritus
522 1041 607 1118 tulit,
632 1044 806 1124 frequenter
821 1043 947 1119 accidit,
969 1053 1003 1105 ut
1018 1060 1188 1106 successum
1205 1060 1260 1102 ex-

147 1140 178 1192 14
194 1125 390 1210 temporalem
419 1127 560 1210 consequi
589 1147 661 1190 cura
681 1147 742 1190 non
768 1128 873 1211 possit.
914 1129 1008 1190 Deum
1030 1137 1102 1189 tuuc
1125 1126 1257 1200 affuisse,

196 1233 262 1277 eum
278 1211 307 1274 id
324 1212 494 1290 evenisset,
512 1221 631 1278 veteres
647 1225 795 1290 oratores,
814 1224 847 1276 ut
862 1211 968 1276 Cicero
984 1211 1044 1285 ait,
1070 1208 1256 1271 dictitabant.

196 1297 253 1360 Sed
268 1297 346 1360 ratio
363 1298 521 1363 manifesta
537 1309 593 1361 est.
632 1298 708 1362 Nam
724 1298 800 1361 bene
816 1297 953 1381 concepti
969 1298 1091 1359 allectus
1108 1306 1139 1358 et
1154 1313 1259 1356 recen-

195 1395 240 1446 tes
263 1402 365 1446 rernm
386 1383 532 1465 imagines
553 1384 694 1447 conduuo
715 1385 826 1466 impetu
849 1385 1002 1459 feruntur,
1027 1400 1101 1464 quae
1123 1400 1260 1442 riounun-

195 1489 283 1550 qnam
299 1487 384 1528 mora
406 1467 467 1529 stili
483 1467 683 1551 refrigescunt
698 1479 728 1531 et
744 1469 852 1533 dilatae
869 1489 929 1533 non
949 1476 1157 1530 revertuntur.
1197 1464 1260 1528 Uti·

195 1572 251 1635 que
268 1571 361 1628 vero,
386 1572 452 1615 eum
468 1552 575 1615 inlelix
591 1553 642 1616 illa
658 1554 818 1618 verborum
840 1553 991 1618 cavillatio
1007 1551 1135 1616 accessit
1149 1561 1179 1613 ct
1194 1549 1260 1614 cui-

194 1657 245 1702 sus
262 1635 298 1698 ad
314 1635 432 1719 singula
447 1638 577 1721 vestigia
592 1639 720 1716 restitit,
746 1662 806 1703 non
829 1649 929 1723 potest
949 1639 1023 1701 ferri
1046 1646 1183 1700 contorta
1199 1636 1257 1711 vis,

195 1723 258 1799 sed,
277 1731 309 1782 ut
324 1721 435 1805 optime
450 1743 557 1785 vocum
580 1722 767 1806 singularum
790 1727 875 1788 cedat
889 1723 1017 1799 electio,
1043 1742 1103 1784 non
1118 1721 1258 1784 continua

195 1808 247 1871 sed
263 1806 427 1890 composita
446 1817 504 1870 est.

148 1905 178 1955 15
282 1891 381 1970 Quare
406 1891 567 1975 capiendae
587 1903 657 1958 sunt
671 1892 741 1956 illac
756 1895 793 1956 de
808 1893 914 1976 quibus
938 1893 1002 1955 dixi
1026 1912 1130 1954 rerum
1146 1893 1260 1974 imagi·
1287 1889 1290 1898 ’

199 2000 273 2055 nes,
292 1997 365 2060 quas
381 1979 483 2041 vocari
500 1973 687 2066 φαντασίας
702 1978 910 2054 indicavimus,
929 1978 1086 2058 omniaque
1102 1976 1138 2037 de
1154 1975 1261 2057 quibus

197 2064 306 2127 dicturi
322 2063 452 2140 erimus,
471 2083 637 2148 personae,
655 2065 864 2146 quaestiones,
883 2083 970 2148 spes,
988 2072 1103 2139 metus,
1129 2061 1262 2124 habenda

197 2150 229 2212 in
245 2148 351 2225 oculis,
370 2148 401 2211 in
418 2149 542 2214 allectus
559 2150 740 2233 recipienda.
772 2150 879 2214 Pectus
896 2160 944 2212 est
958 2150 1057 2227 enim,
1075 2148 1151 2230 quod
1167 2146 1262 2211 diser-

195 2243 243 2296 tos
259 2233 340 2310 lacit,
358 2243 389 2295 et
404 2233 451 2296 vis
468 2235 588 2299 mentis.
613 2235 741 2317 ldeoque
757 2235 904 2317 imperitis
915 2254 1043 2318 quoque,
1061 2235 1086 2297 si
1100 2233 1186 2295 rrrodo
1203 2232 1263 2296 sint

148 2328 179 2378 16
195 2316 295 2397 aliquo
319 2316 426 2378 affectu
447 2319 606 2393 concitati,
629 2319 723 2379 verba
738 2341 797 2380 non
814 2320 940 2380 desunt.=
972 2320 1046 2380 Tum
1062 2317 1262 2380 intendendus

198 2400 326 2476 animus,
355 2419 415 2462 nou
432 2399 463 2460 in
479 2399 606 2480 aliquam
622 2419 685 2461 nem
703 2421 790 2462 unam
815 2402 867 2464 sed
890 2402 921 2461 in
938 2403 1038 2482 plures
1062 2401 1150 2462 simul
1166 2402 1262 2463 conti-

199 2507 291 2564 nnas3
309 2494 360 2562 ut,
386 2484 412 2547 si
428 2505 482 2568 per
497 2484 623 2566 aliquam
638 2493 751 2548 rectam
767 2485 844 2548 viam
861 2486 1012 2548 mittamus
1028 2485 1148 2561 oculos,
1174 2486 1262 2547 simul
1370 2533 1392 2549 a

199 2571 298 2635 omnia
314 2589 389 2652 quac
405 2571 520 2634 suntin
537 2589 572 2633 ea
589 2569 726 2652 circaque
741 2571 903 2648 intuemur,
922 2591 982 2633 uon
994 2570 1129 2633 ultimum
1145 2579 1261 2632 tantum

196 2658 333 2720 videmus
349 2655 402 2718 sed
418 2675 511 2737 usque
528 2654 563 2717 ad
579 2655 727 2720 ultimum.
758 2656 803 2719 Aa
819 2657 978 2720 dicendum
993 2656 1082 2720 etiam
1099 2654 1192 2739 pudor
1208 2655 1262 2718 sti-

229 2859 271 2908 12.
291 2863 379 2908 itu·
392 2861 419 2908 si
430 2858 464 2908 im
477 2859 702 2912 beschrdnkeudeu
785 2863 1192 2928 refrigescuntt—reoer·tuntnr.
1202 2859 1260 2924 Vgl.

193 2927 271 2976 Sinna
292 2942 362 2990 „nur
380 2925 406 2975 in
426 2925 481 2976 dem
494 2927 582 2992 Falle,
605 2932 700 2982 wenn“
756 2933 781 2996 3,
796 2932 820 2981 6.
835 2931 879 2981 33.

144 2995 148 3012 ι
193 2985 234 3046 b'ai
243 2994 296 3076 qu.¹
306 2994 356 3044 und
370 2994 417 3043 den
431 2995 548 3074 spitercn
562 2996 702 3048 Lateinern
788 3015 1083 3080 Wolff-cavillatio,
1097 3014 1156 3079 νει,
1168 3017 1192 3078 1,
1202 3016 1261 3065 115,

195 3065 255 3115 sehr
266 3063 368 3129 haufig,
389 3059 428 3112 uit
439 3061 503 3112 werd
517 3062 579 3111 noch
594 3063 701 3113 demtum
754 3083 779 3144 3,
800 3085 841 3130 10,

194 3135 279 3184 hintes
291 3138 332 3184 lta
344 3139 454 3198 dmm·
780 3165 903 3228 ferri-
915 3168 962 3214 oia.
990 3165 1042 3215 llas
1056 3164 1111 3214 Bild
1125 3164 1161 3214 ist
1173 3165 1262 3230 herge-

231 3217 273 3267 13·
294 3234 354 3268 fflm
377 3235 407 3269 ⁶⁰
434 3218 506 3285 ΨΜ
523 3232 616 3298 qu⁰2¹¹
637 3216 700 3266 ”⁰⁰¹¹
753 3246 866 3282 nommeu
880 3247 937 3283 vom
949 3233 1115 3298 Sclrlcudern,
1131 3231 1261 3283 diestelte

193 3285 289 3336 kommt
307 3287 407 3350 (ΜΨ,
428 3286 507 3337 findet
527 3285 579 3337 Slssh
599 3299 702 3336 afflet·
751 3300 886 3351 nielleicht
906 3303 1086 3368 nachgebildet
1104 3304 1150 3353 der
1168 3300 1220 3366 IX,
1235 3304 1260 3366 4,

196 3354 251 3405 (¹01³
265 3353 327 3404 ”⁰⁰¹¹
348 3354 467 3433 ΨΜ
479 3355 577 3434 §leuen
597 3354 638 3404 bei
652 3351 700 3419 Qu·
754 3370 787 3419 55
799 3385 849 3420 von
863 3369 954 3422 Cicero
968 3372 1041 3423 Orat.
1058 3375 1105 3436 to,
1120 3371 1169 3420 234
1183 3386 1262 3433 ange-

194 3423 245 3473 und
267 3429 338 3472 suast
355 3422 396 3472 ber
413 3421 615 3474 Schrrltstelleru
638 3421 701 3472 nach
753 3438 874 3503 pqqrtffl’
900 3441 997 3491 welch,
1020 3441 1061 3491 bei
1084 3441 1138 3490 Cic·
1164 3440 1259 3488 qaum,

194 3491 284 3542 LiVius
296 3511 303 3556 ᾗ
317 3491 358 3542 bei
372 3489 461 3541 Clssel'O
475 3506 522 3539 flul*
536 3491 560 3540 du
574 3490 621 3541 dell
632 3490 703 3540 Brle·
753 3507 964 3570 Domosthenffl,
986 3513 1063 3558 wius
1082 3524 1135 3559 nou
1157 3513 1213 3555 tam
1226 3508 1263 3554 vi·

196 3560 237 3609 sen
252 3560 419 3612 admistum·
564 3595 566 3602 ’
756 3576 869 3625 orarent
883 3575 1028 3639 fulmina,
1063 3579 1118 3626 nisi
1141 3576 1261 3623 numeris

232 3645 306 3695 tulit.
336 3647 389 3696 Dos
402 3644 471 3697 Peri.
485 3645 533 3695 wie
547 3644 592 3694 der
604 3643 702 3708 griech.
755 3647 882 3694 contorta
895 3644 1050 3707 serrantur.

196 3711 317 3763 Aol'lsdus
354 3716 420 3765 auch
450 3715 491 3765 bel
519 3713 703 3765 WiOdOPhOldell
791 3730 920 3778 coppi-mua
939 3755 974 3764 .-
992 3730 1142 3793 commolita
1162 3727 1262 3778 kfinnen

197 3779 381 3862 nonunquam
396 3782 489 3835 ⁰b0⁰⁵0
503 3783 526 3850 d·
542 3785 574 3832 ¹4
593 3787 707 3834 mm&
756 3797 842 3847 weder
854 3811 886 3845 zu
898 3799 937 3845 vis
956 3796 1018 3846 noch
1033 3812 1065 3846 zu
1079 3797 1172 3848 electio
1184 3798 1262 3848 heze-

196 3877 230 3886 -
243 3853 358 3900 resimi-
376 3852 400 3913 3,
416 3853 431 3901 6
444 3854 568 3918 resmlm't·
757 3881 804 3930 gen
816 3865 928 3928 werden,
943 3865 1051 3918 sondcrn
1061 3880 1118 3916 man
1131 3866 1192 3918 liest
1201 3866 1263 3915 zwi-

234 3934 275 3984 14.
302 3937 334 3982 ut
353 3933 446 3986 Cicero
469 3940 521 3988 uit.
553 3936 630 3988 Lasst
651 3935 704 3987 siclt
757 3931 1260 3999 nauantunzattenoratuo.Vsttao.

200 4004 271 4055 nicht
283 4001 450 4052 nachweisen.
758 4004 782 4067 1,
800 4003 842 4054 29.
