2800 4748
506 425 662 478 eunucu.
686 426 710 492 a.
727 427 839 476 13-17.
1158 395 1198 472 '39

129 580 329 663 temporibus,
355 589 389 642 ut
403 598 527 662 quorum
545 579 712 642 certissima
727 581 767 641 sit
781 578 885 660 regula
909 577 941 638 in
964 579 1192 654 consuetudine,

130 684 222 748 eaque
246 685 305 726 non
327 683 381 726 sua
404 673 511 725 natura
534 664 595 726 sint
616 663 694 728 bona
717 675 769 726 aut
793 662 869 726 mala
893 666 977 743 (uam
1001 682 1054 744 pcr
1076 683 1109 725 se
1124 665 1193 726 soni

130 760 244 813 tentum
259 748 343 826 sunt)
368 747 420 808 sed
445 757 533 829 prout
554 760 719 830 opportune
735 749 914 831 proprieque
930 757 981 810 aut
997 767 1085 810 secus
1103 747 1195 810 collo·

130 844 198 896 cata
221 843 310 908 sunt3
336 841 367 894 et
381 830 557 913 compositio
573 852 639 899 oum
653 833 744 894 rebus
761 833 980 896 accommodata
997 832 1034 895 sit
1051 843 1112 896 tum
1128 834 1193 917 ipsa

131 918 279 981 varietate
295 915 478 998 gratissima.
629 923 635 934 '

216 1001 402 1084 Quapropter
417 1001 610 1067 exactissimo
634 1000 743 1063 iudicio
761 1002 840 1064 circa
856 1003 933 1065 hanc
950 1013 1062 1085 partem
1079 1002 1193 1066 studio·
1210 1014 1241 1063 14

128 1109 193 1150 rum
211 1085 409 1150 examinanda
426 1097 496 1150 suut
511 1085 620 1149 omnia.
659 1085 809 1162 Primum,
836 1109 909 1169 quos
931 1088 1099 1161 imitemur,
1125 1108 1193 1149 nem

128 1183 199 1236 sunt
216 1172 352 1254 plurimi,
382 1172 431 1253 qui
447 1171 670 1234 similitudinem
686 1171 809 1253 pessimi
826 1174 969 1252 cuiusque
985 1182 1015 1232 et
1030 1171 1194 1251 corruptis-

128 1259 194 1320 simi
211 1257 442 1339 concupierunt,
461 1268 523 1319 tum
539 1258 569 1319 iu
585 1256 680 1340 ipsis,
703 1277 777 1336 quos
794 1255 995 1340 elegerimus,
1019 1253 1087 1335 quid
1103 1254 1143 1316 sit
1157 1255 1193 1316 ad

128 1343 206 1423 quod
222 1363 276 1404 nos
293 1341 476 1404 efficiendum
492 1361 709 1425 comparemus.
740 1338 815 1402 Nam
832 1339 863 1401 in
879 1338 994 1422 magnis
1010 1358 1126 1420 quoque
1142 1359 1195 1401 eu·
1212 1350 1242 1398 15

129 1425 425 1488 oloribus'incidnnt
446 1425 544 1507 aliqua
570 1426 679 1490 vitiosa
696 1435 726 1487 et
749 1425 878 1489 edoctis
901 1425 982 1486 inter
1004 1425 1086 1507 ipsos
1103 1423 1193 1486 etiem

129 1521 232 1578 mutuo
248 1508 447 1590 reprehensa3
472 1521 561 1591 atque
584 1513 696 1573 utinam
720 1522 779 1572 tam
796 1510 874 1574 bona
888 1509 1041 1573 imitantes
1058 1509 1194 1572 dicerent

128 1595 235 1660 melius
258 1615 344 1675 quam
365 1593 441 1657 mala
465 1595 548 1676 peius
564 1595 677 1657 dicunt.
715 1595 868 1665 Necvero
884 1596 990 1659 saltem
1006 1595 1061 1671 iis,
1085 1594 1191 1677 quibus

129 1681 166 1742 ad
182 1679 319 1742 evitanda
342 1679 416 1741 vilia
431 1678 533 1742 iudicii
548 1680 623 1742 satis
646 1679 719 1756 fuit,
744 1681 867 1744 sufficiat
888 1681 1046 1764 imaginem
1067 1680 1190 1744 virtutis

128 1767 267 1848 effingere
282 1774 312 1826 et
327 1764 440 1841 solam,
466 1773 499 1825 ut
514 1764 558 1827 sic
573 1764 721 1843 dixerim,
746 1777 842 1828 eutem
860 1767 909 1828 vcl
924 1767 1021 1848 potius
1037 1766 1105 1828 illas
1121 1765 1191 1848 Epi·

127 1851 192 1913 curi
208 1850 330 1933 figuras,
349 1871 423 1932 quas
440 1870 456 1912 c
472 1851 596 1913 summis
612 1848 790 1934 corporibus
807 1852 879 1916 dicit
896 1851 1026 1914 effluere.
1060 1850 1123 1910 Hoc
1139 1872 1191 1912 au·
1209 1861 1240 1909 16

126 1945 186 1999 tem
204 1936 249 1998 his
265 1935 390 2013 accidit,
416 1935 466 2016 qui
482 1956 542 1996 uon
557 1937 750 2016 introspectis
766 1936 885 2016 penitus
902 1933 1062 1996 virtutibus
1079 1932 1116 1993 ad
1132 1934 1191 2014 pri·

126 2042 207 2081 mum
223 2039 255 2081 se
270 2019 353 2081 velut
374 2028 526 2100 aspectum
544 2018 689 2080 orationis
705 2028 862 2098 aptarunt,
886 2027 918 2077 et
939 2037 1004 2078 cum
1026 2016 1063 2078 iis
1079 2015 1191 2078 felicis·

125 2103 203 2168 sime
227 2103 319 2165 cessit
338 2103 485 2164 imitatio:
508 2101 609 2164 verbis
632 2111 721 2182 atque
743 2101 875 2164 numeris
901 2111 969 2164 sunt
990 2121 1050 2164 uon
1066 2102 1191 2163 multum
1219 2119 1222 2124 ·

127 2187 320 2264 offerentes,
353 2187 413 2250 vim
437 2185 553 2250 dicendi
575 2197 662 2269 atque
685 2186 868 2249 inventionis
890 2207 949 2249 non
973 2197 1184 2268 assequuntur,

126 2272 179 2336 sed
200 2273 373 2356 plerumque
395 2271 544 2335 declinant
565 2271 596 2335 in
619 2271 703 2356 peius
727 2282 757 2334 et
777 2273 915 2355 proxima
937 2271 1099 2335 virtutibus
1115 2270 1189 2334 vitia

125 2358 390 2442 comprehendunt,
408 2359 540 2441 fiuntque
555 2379 609 2442 pro
624 2357 787 2442 grandibus
809 2357 930 2435 tumidi,
949 2359 1061 2441 pressis
1078 2357 1187 2435 exiles,
1242 2367 1248 2389 “

123 2443 249 2508 fortibus
266 2443 435 2525 temerarii,
453 2444 541 2507 laetis
557 2443 709 2526 corrupti,
727 2444 900 2527 compositis
917 2444 1099 2519 exultantes,
1118 2443 1189 2503 sim·

123 2530 248 2612 plicibus
272 2529 470 2612 negligentes.
511 2529 639 2610 ldeoque
661 2530 709 2609 qui
727 2528 852 2590 'horride
881 2539 969 2608 atque
993 2525 1189 2608 incomposite
1208 2537 1237 2586 17

123 2614 282 2695 quamlibet
296 2613 368 2678 illud
384 2613 523 2695 frigidum
540 2619 570 2674 et
585 2614 674 2674 inane
691 2611 885 2686 extulerunt,
903 2611 1034 2691 antiquis
1050 2630 1084 2672 se
1100 2629 1187 2691 pares

122 2813 249 2878 Negation
262 2815 346 2864 crhiilt
358 2813 400 2864 bei
416 2813 465 2879 Qu.
479 2813 520 2864 die
532 2814 631 2864 Beden—
719 2813 760 2862 16.
780 2813 869 2876 luctis,
883 2813 934 2876 vgl.
952 2813 976 2875 1,
990 2813 1033 2862 46.

122 2885 186 2947 tdng
204 2899 254 2932 von
272 2899 304 2932 nc
315 2911 349 2920 -
368 2883 475 2949 quidem
493 2883 545 2932 uod
563 2883 631 2933 steht
766 2931 770 2940 ,

123 2951 437 3002 beldvorbaldnachdem
446 2967 479 3002 zu
492 2951 631 3001 beschrlin-
717 2933 882 2982 mnam&
896 2929 955 2996 Vbi·
970 2932 1028 3015 42¹¹·
1044 2929 1091 2993 ῘΧ,
1105 2932 1131 2996 4,
1140 2932 1188 2982 23²

122 3021 222 3070 kcndeu
235 3019 341 3083 Wortc3
355 3021 407 3084 vgl.
424 3021 449 3083 7,
463 3019 506 3070 20.
520 3018 553 3084 V,
567 3019 587 3083 l,
597 3020 627 3069 3:
683 3001 815 3068 dumam
836 3005 1066 3084 {rfmd'l'fffwm
1079 3027 1113 3038 ··
1126 3006 1193 3084 ’Ψ

120 3087 152 3140 N
155 3105 240 3155 eque
259 3092 327 3139 cuim
346 3090 378 3139 do
395 3089 521 3139 omnihus
540 3089 629 3138 causis
680 3097 715 3108 “·
729 3075 922 3152 ⁰⁰P²P⁰⁸⁸i²⁰¹²⁶
935 3074 1065 3133 '’mmm'’
1080 3085 1150 3134 duae
1161 3085 1190 3118 Μ

123 3158 211 3208 dicore
227 3161 371 3225 quisquam
389 3162 484 3223 potest
501 3156 629 3208 saltem
682 3139 734 3190 '¹⁰⁰
751 3154 841 3205 ‘Imml
865 3143 1016 3203 Pssllmwl's
1042 3138 1190 3187 mdxvi·

120 3229 291 3292 praetccitis,
307 3232 339 3276 ut
353 3231 455 3276 taceam
467 3226 628 3290 desultoris.
684 3213 760 3290 {0²¹5
770 3211 853 3272 “idm
871 3208 925 3288 la?
933 3210 1047 3256 mian
1057 3211 1083 3266 t,
1097 3207 1189 3273 duale*

122 3322 157 3331 -
171 3293 233 3342 pie,-
244 3294 279 3342 pst
291 3294 388 3344 ,uppem
402 3294 448 3343 mit
464 3295 585 3355 ἕψω
598 3309 630 3342 zu
682 3276 747 3325 ellae
758 3275 941 3326 Maecenates.-
966 3273 1029 3326 Sole
1047 3279 1075 3325 et
1087 3290 1189 3327 aurora

123 3360 272 3410 verbinden,
684 3343 784 3394 rubent
792 3344 924 3410 plurim-ss.

157 3445 272 3509 Epicuri
287 3445 409 3510 figuras.
441 3443 498 3496 Zur
517 3441 633 3494 Erl'dute·
719 3443 760 3493 17.
779 3446 930 3511 quamlibet
941 3446 1019 3496 durch
1032 3445 1072 3495 die
1085 3443 1191 3494 Dichter

124 3529 188 3578 rung
205 3513 288 3576 vergl.
309 3511 414 3564 Lueret.
435 3512 466 3576 4,
486 3512 519 3561 48
532 3530 538 3561 :
563 3513 631 3563 Dico
683 3513 708 3562 in
723 3511 763 3562 die
776 3512 877 3578 spicere
890 3512 970 3565 Prosa
983 3515 1188 3574 iibcrgegaugen.

124 3585 212 3647 igitur
234 3597 327 3632 rerum
358 3581 463 3648 effigias
489 3587 631 3646 tenuesque
682 3580 881 3633 Derhosdrucls
899 3583 963 3632 wird
982 3580 1061 3631 durch
1079 3580 1125 3628 des
1147 3577 1191 3627 da-

118 3653 230 3713 figuras
243 3650 351 3701 Mittin
364 3652 397 3701 ah
410 3652 505 3713 rebus,
526 3665 631 3700 summo
683 3650 929 3702 zwischentretende
954 3648 1023 3699 illud
1046 3653 1127 3696 etwas
1146 3661 1191 3708 ge-

126 3717 158 3766 de
183 3715 295 3782 corpore
318 3733 427 3782 rerum,
454 3719 528 3784 θυαε
552 3721 633 3785 poesi
683 3721 762 3782 short,
777 3719 861 3767 dieses
881 3718 916 3765 ist
929 3717 990 3764 aber
1003 3721 1118 3778 gesetzt,
1131 3714 1191 3764 well

125 3785 349 3836 mcmhranaovel
361 3790 632 3838 corteoenominitan-
684 3784 733 3848 Qu.
753 3785 801 3832 aul
817 3784 960 3833 Bekanutes
980 3782 1108 3833 hinweist.
1129 3781 1188 3848 Vgl.

126 3854 206 3914 dass,
235 3852 312 3918 Quod
328 3859 441 3922 speciem
461 3856 632 3920 aosormum
683 3851 932 3914 3‚19.1x,2,67:
954 3851 1108 3916 Quamlibet
1119 3855 1189 3902 enirn

125 3921 243 3971 similem
254 3925 332 3986 gerit
343 3926 400 3973 cius
414 3927 520 3988 imago,
537 3923 632 3974 uotiu-
683 3925 810 3984 apertum
816 3956 824 3981 ,
841 3919 1006 3984 quodmodo
1017 3927 1044 3971 ct
1056 3920 1138 3970 aliter
1149 3923 1190 3968 in-

125 3990 568 4056 cumquecluatdeoorporesusu
584 4004 632 4039 va-
684 3987 775 4053 lolligo·
795 3989 892 4053 possit,
920 3989 946 4036 io
972 3989 1033 4038 illos
1058 3993 1189 4054 &rennos

122 4063 197 4124 gari.
684 4058 747 4106 hetae
762 4055 875 4106 dimam.
