2800 4748
209 407 249 467 54
585 415 692 470 curun
707 416 737 468 v.
755 419 778 482 s.
795 419 906 468 11-14.

293 573 326 636 ln
345 571 402 635 boc
419 572 528 656 optime
547 571 658 634 facient
679 569 821 653 infinitae
837 571 1052 653 quaestiones,
1077 586 1149 646 quas
1166 565 1267 628 vocari

200 653 316 732 θέσεις
333 657 476 731 diximus,
495 654 599 737 quibus
616 654 723 716 Cicero
739 654 799 717 iam
816 654 953 738 princeps
967 653 999 716 iu
1015 650 1166 734 republica
1182 670 1270 712 exer·

153 755 184 806 12
201 743 264 807 ceri
279 741 408 806 solebat.
443 739 496 802 uis
519 739 644 804 confinis
668 750 714 803 est
737 739 908 803 destructio
931 749 962 801 et
987 737 1178 822 confirmatio
1201 757 1270 798 sen·

203 831 384 892 sennanim.
424 825 502 888 Nam
524 847 590 888 cam
612 825 652 888 sit
675 825 826 888 sententia
849 826 1000 887 decretum
1022 821 1167 903 quoddam
1183 831 1269 902 atque

200 920 409 996 praeceptume
427 910 505 992 quod
521 911 556 973 de
573 931 607 973 re
623 911 700 974 idem
717 910 753 973 de
769 910 878 974 indicio
894 909 940 972 rei
948 908 1050 992 quaeri
1058 917 1166 989 potest.
1194 906 1267 968 Turn

202 998 265 1058 loci
283 1015 482 1071 communes,
515 1015 589 1077 quos
613 996 704 1060 etiam
727 996 855 1079 scriptos
885 995 922 1058 ab
952 992 1120 1057 oratoribus
1144 993 1266 1055 scimus.

199 1079 276 1145 Nam
300 1078 350 1161 qui
368 1079 441 1142 baec
464 1091 546 1143 reeta
562 1090 678 1144 tantum
700 1091 731 1142 et
753 1080 784 1142 in
801 1080 899 1144 nullos
915 1081 1012 1142 flexus
1033 1079 1204 1141 recedentia
1221 1099 1269 1139 oo-

200 1165 286 1250 piose
302 1165 499 1242 tractaverit,
525 1164 627 1247 ntique
649 1163 756 1227 inillis
773 1164 873 1246 plures
890 1183 1037 1227 excursus
1054 1162 1269 1245 recipientibus

150 1263 182 1314 13
200 1250 295 1333 magis
311 1249 475 1313 abundabit
490 1251 606 1333 eritque
622 1250 654 1313 in
669 1270 772 1314 omnes
789 1269 894 1312 causas
911 1256 1043 1333 paratus.
1063 1246 1171 1309 Omnes
1189 1247 1269 1310 euim

200 1335 393 1420 generalibus
409 1335 635 1418 quaestionibus
651 1345 801 1400 coustant.
834 1333 995 1416 Numquid
1017 1333 1161 1408 interest,
1192 1330 1269 1394 Cor-

199 1423 301 1484 nelius
329 1420 488 1484 Tribunus
504 1420 605 1503 plebis
627 1419 713 1504 quod
736 1419 873 1482 codicem
897 1421 1031 1504 legerit,
1054 1437 1125 1481 reus
1147 1417 1203 1495 sit3
1229 1439 1267 1481 an

199 1522 397 1586 quaeramus,
420 1502 604 1566 Violeturne
619 1507 780 1580 maiestas,
797 1507 827 1567 si
839 1507 1050 1590 magistratus
1069 1507 1277 1588 rogationem.

198 1609 285 1651 suam
296 1587 418 1670 populo
435 1589 502 1684 s'psc
516 1591 721 1652 recitaverit?
745 1589 826 1655 Milo
846 1589 990 1654 Clodium
1005 1599 1131 1652 rectene
1148 1588 1268 1652 occido-

198 1674 254 1745 rr't‚
271 1670 376 1733 veniat
389 1671 421 1734 in
438 1670 599 1750 iudicium3
617 1694 667 1750 an,
694 1674 885 1759 oporteatne
900 1674 1115 1738 insidiatorem
1131 1672 1272 1755 interfici

197 1758 249 1820 ael
263 1757 476 1840 perniciosum
499 1759 706 1840 reipublicae
722 1761 837 1831 ciuem,
861 1761 1061 1822 etiamsinon
1077 1756 1269 1820 instiutor?

201 1839 279 1904 Cato
298 1837 459 1918 Marciam
476 1841 644 1906 honestene
668 1843 838 1906 tradiderit
851 1841 1040 1906 Hortcnssb:
1064 1862 1119 1916 an,
1149 1839 1268 1904 Conce-

196 1928 305 1988 niotne
320 1946 374 1988 res
391 1926 466 1989 talis
483 1925 561 1990 boreo
578 1926 658 1989 uiro.
692 1927 736 1990 De
753 1926 891 2012 personis
907 1927 1072 2004 iudicatur,
1098 1927 1150 1989 sed
1167 1926 1203 1987 de
1219 1945 1267 1987 re-

149 2021 180 2073 14
195 2009 251 2073 bus
267 2010 471 2073 contenditur.
499 2009 756 2076 Declarnationes
772 2032 857 2088 vero,
875 2013 978 2096 quales
994 2013 1026 2075 in
1041 2012 1151 2076 sobolis
1168 2013 1268 2074 rheto-

196 2117 262 2158 rum
280 2095 431 2174 dicuutur,
450 2095 476 2158 si
493 2096 580 2159 modo
596 2108 667 2160 sunt
682 2099 719 2160 ad
728 2099 887 2162 veritatem
896 2099 1136 2163 accommodatae
1152 2108 1183 2160 et
1198 2116 1267 2159 ora·
1283 2146 1286 2160 .

195 2311 235 2346 uun
248 2295 338 2346 besten
359 2297 525 2362 beitragen.“
551 2301 581 2350 In
596 2302 648 2350 ltoo
660 2317 707 2351 zur

195 2363 374 2427 Benciobuung
387 2364 564 2418 desZweckes
577 2368 707 2418 oderZia·

196 2433 233 2483 les
248 2431 308 2482 sebr
321 2431 406 2496 biiufig
418 2433 458 2483 bei
473 2431 538 2499 Ωιι,
559 2434 611 2498 vgl.
630 2435 662 2496 2,
678 2437 703 2483 5.

195 2499 249 2551 Zur
278 2499 429 2565 Redeutnug
449 2518 498 2552 vou
523 2504 623 2567 facere
652 2502 704 2565 vgl.

198 2571 224 2634 Ι,
242 2571 268 2620 4.

230 2656 356 2718 infinitae
369 2661 548 2720 quaestiones.
566 2653 598 2705 sS.
613 2655 664 2717 ΙΙΙ,
679 2657 705 2718 5,

196 2723 229 2772 5:
252 2723 383 2786 infinitae
401 2731 479 2789 sunt,
506 2739 575 2790 quae
594 2727 706 2775 rornotu's

192 2795 319 2855 ansonis
342 2798 371 2842 et
396 2796 561 2860 temporibus
587 2797 615 2842 st
638 2793 706 2843 iocis

197 2862 348 2922 ceterisque
360 2861 499 2933 similibus
518 2867 546 2913 in
559 2867 706 2927 utramque

191 2928 301 2988 partem
321 2931 497 2992 tractantur,
518 2931 591 2996 quod
612 2931 709 2982 Graeci

195 2989 277 3042 θέσιν
291 2989 401 3052 dicunt,
420 2995 516 3044 Cicero
531 3013 623 3062 prop
633 3004 706 3049 osi·

198 3065 283 3123 tum,
303 3057 354 3108 otu·
372 3065 606 3122 qrtoosroones
625 3070 705 3113 erni-

197 3127 511 3188 oersaleseioiles,
527 3127 578 3176 alii
595 3143 705 3192 quao-

197 3199 334 3247 stiones
351 3195 567 3262 pbilosopllo
586 3210 707 3245 conoe·

106 3289 119 3304 -
197 3267 277 3312 nien
287 3269 351 3313 tes.
377 3265 434 3314 Hoc
450 3279 537 3328 genus
550 3264 643 3315 Cicero
656 3267 707 3315 sei-

198 3332 273 3381 entia
287 3336 314 3380 et
327 3336 432 3382 actione
445 3332 607 3399 distinguit,
626 3339 659 3384 ut
670 3336 709 3386 sit

198 3401 334 3461 auantiae,
350 3399 392 3450 Au
402 3401 577 3468 procidentia
590 3404 707 3454 mundus

198 3472 335 3533 regotur?
360 3471 493 3533 octioru's,
516 3471 559 3522 An
581 3475 708 3524 aeceden-

199 3537 263 3586 dum
277 3536 313 3586 od
324 3553 408 3603 remp.
423 3537 691 3592 administrandam?

235 3620 339 3672 Cicero.
367 3621 403 3672 Er
421 3623 522 3674 schrieb
542 3625 575 3675 im
594 3625 618 3675 J.
633 3626 666 3676 49
679 3641 704 3676 v.

200 3685 259 3736 Chr.
276 3689 309 3738 ud
323 3691 377 3740 Att.
392 3689 444 3754 ΙΧ,
459 3694 490 3742 4:
510 3693 550 3745 Ne
563 3709 604 3744 me
618 3700 707 3746 totum

199 3759 372 3821 aegritudini
391 3759 503 3825 dedam,
524 3767 631 3830 sumpsi
641 3766 709 3815 mibi

199 3825 332 3888 quaedam
346 3832 476 3894 tanquam
496 3831 603 3888 dioeces
624 3833 658 3884 ib.
675 3834 706 3883 9:

200 3892 320 3951 θέσεις
348 3911 421 3946 meos
452 3905 633 3952 commentari
655 3917 707 3951 non

201 3959 302 4012 desino.
322 3961 427 4014 Hicrbin
440 3965 573 4019 kannmau
587 3971 651 4021 auch
666 3970 706 4020 die

200 4027 334 4082 Paradoxa
354 4035 473 4086 recbnen.

796 2305 836 2352 12.
857 2306 973 2366 confinis
985 2304 1010 2352 iu
1023 2303 1069 2352 der
1082 2303 1267 2364 iibertrageneu

758 2371 908 2498 dedantung
921 2371 990 2419 uicbt
1002 2369 1041 2419 bei
1057 2368 1162 2430 Cicero,
1184 2369 1269 2430 blintig

759 2436 799 2484 bei
837 2451 862 2483 u.

793 2502 1188 2552 destructio—sententiarum.
1200 2500 1266 2550 Wus

760 2569 807 2634 Qu.
823 2569 889 2633 lt‚4,
905 2570 938 2620 18*
949 2564 1265 2634 iuBezuguufciruoneuri

759 2645 788 2689 et
799 2633 955 2704 κατασκευή
973 2639 1019 2689 der
1036 2642 1208 2690 narrationes
1222 2652 1267 2700 ge·

759 2715 817 2772 sagt
835 2708 923 2773 batte,
949 2709 1083 2774 iibertriigt
1101 2723 1130 2759 er
1148 2707 1204 2756 bier
1222 2705 1269 2756 uui

759 2777 1025 2844 ‚,Ricbterspriicbe.“

792 2863 845 2913 loci
857 2878 1018 2913 communes.
1044 2860 1101 2924 Vgl.
1117 2861 1154 2921 ΙΙ,
1169 2863 1201 2925 4,
1216 2863 1266 2911 22.-

758 2931 791 2980 de
803 2934 837 2981 iis
852 2931 964 2996 loquor,
979 2930 1074 2994 quibus
1093 2934 1163 2980 citro
1175 2945 1267 2994 perso·

757 3015 806 3049 nas
826 3003 853 3048 in
872 3003 931 3063 ipsa
945 3001 1014 3046 citio
1025 3001 1110 3047 moris
1132 3004 1175 3048 est
1185 3013 1267 3063 pero-

757 3081 830 3128 rare,
844 3071 877 3118 nt
888 3065 1088 3128 inadultarum,
1104 3068 1263 3130 aleatorem,

752 3133 935 3194 petulantem.

793 3213 860 3262 orsos
873 3227 906 3236 -
919 3203 1028 3250 scimus.
1047 3198 1107 3264 Vgl.
1122 3200 1160 3264 ΙΙ,
1176 3201 1207 3265 1,
1223 3201 1264 3252 11.

759 3282 781 3318 o.
791 3267 821 3330 l.,
836 3265 892 3318 sios
904 3271 954 3334 qni
965 3275 1032 3320 sunt
1044 3273 1146 3321 intuitio
1156 3270 1265 3334 directi,

759 3336 853 3403 quoles
867 3337 980 3405 legimus
994 3340 1148 3392 oCiccrone
1161 3355 1268 3406 compo-

758 3409 836 3469 sitos,
851 3423 898 3458 ssu
911 3409 1268 3474 quibusqnoeslionesgene-

758 3475 860 3528 naliter
885 3483 1058 3540 tractantur,
1086 3478 1178 3543 quates
1201 3480 1268 3526 sunt

760 3542 831 3593 editi
848 3560 864 3592 a
887 3545 916 3608 Q.
937 3546 1215 3610 auoqueHortensia:
1234 3548 1267 3592 at

759 3609 834 3660 Sitne
850 3615 946 3677 porois
967 3616 1136 3678 argumentis
1157 3610 1266 3660 creden-

760 3679 844 3729 dum?
857 3685 884 3729 et
891 3695 944 3746 pro
961 3682 1076 3730 testibus
1089 3686 1119 3729 et
1129 3683 1157 3729 in
1172 3685 1264 3730 testes.

795 3764 837 3814 13.
857 3779 985 3814 omnes—
996 3770 1131 3816 constant.
1146 3764 1204 3831 Vgl.
1218 3765 1264 3830 ΙΙΙ,

759 3835 783 3893 5,
799 3833 830 3884 9:
850 3833 906 3884 Hos
924 3839 1032 3897 autem,
1056 3850 1124 3900 qnos
1141 3837 1265 3899 infinitos

759 3918 833 3966 uoco,
860 3906 888 3951 et
908 3904 1048 3969 generatas
1073 3904 1264 3972 appollonium

760 3971 869 4036 quodsi
880 3977 923 4022 est
937 3974 1150 4038 uerum,finitos
1162 3977 1266 4038 specta*

760 4041 797 4090 les
811 4043 899 4090 erunt.
919 4041 949 4092 In
963 4045 1036 4093 omni
1047 4049 1138 4094 autern
1156 4042 1267 4108 speciali
