2800 4748
205 305 244 366 12
578 317 687 371 utrur
700 319 721 370 1.
737 321 760 384 s.
775 319 915 370 ctu-tn

288 470 401 536 Verum
423 483 579 555 autequam
603 471 638 534 de
661 470 786 553 siugulis
813 470 957 551 [loquar],
982 491 1074 551 pauca
1095 469 1126 532 iu
1143 469 1265 534 uuiver-

154 571 187 620 l3
203 577 268 621 sum
285 557 320 619 de
336 558 483 621 varietate
504 555 675 639 opinionum
693 555 816 619 dicenda
837 565 918 618 suut.
957 555 1034 618 Nam
1050 549 1168 637 quidam
1185 556 1266 620 solos

203 652 324 707 veteres
340 641 480 725 legendos
496 649 600 723 putant
615 659 710 723 neque
726 641 757 702 iu
772 639 842 702 ullis
854 640 922 704 aliis
936 659 1003 705 esse
1020 642 1187 703 naturalem
1204 642 1266 704 elo·

203 727 352 808 quentiam
369 737 398 787 et
412 724 504 788 robur
519 725 594 790 viris
610 726 731 809 dignum
747 725 951 804 arbitrantur,
977 725 1052 789 alios
1068 727 1175 790 recens
1192 719 1266 789 haee]
1307 781 1311 786 .

202 811 324 874 lascivia
340 810 524 893 deliciaeque
540 821 570 873 et
585 811 685 874 omnia
707 812 742 879 ad
757 812 940 896 voluptatem
962 811 1158 876 multitudinis
1174 811 1266 893 impe-

153 908 186 957 44
201 895 278 956 ritae
299 893 463 976 composita
486 896 642 959 delectant.
681 897 815 978 Ipsorum
837 895 926 959 etiam
949 897 998 977 qui
1019 908 1135 959 rectum
1151 895 1266 958 dicendi

202 999 296 1060 genus
312 979 398 1061 sequi
418 979 524 1042 volunt
539 981 590 1042 alii
612 999 716 1062 pressa
739 981 855 1042 demum
872 990 902 1040 et
923 981 1026 1043 tenuia
1042 991 1071 1042 et
1087 1001 1161 1062 quae
1177 981 1266 1042 mini-

201 1084 281 1125 mum
302 1062 338 1126 ab
360 1085 418 1127 usu
440 1063 590 1126 cotidiano
613 1063 753 1126 recedunt
779 1082 852 1124 sana
876 1072 906 1123 et
928 1083 1002 1124 vere
1024 1063 1124 1127 Attica
1140 1074 1262 1146 putant,

126 1219 129 1226 .
203 1148 345 1230 quosdam
362 1149 467 1215 elatior
481 1149 595 1233 ingenii
610 1148 657 1227 vis
674 1159 704 1210 et
719 1145 813 1229 magis
830 1147 975 1209 concitata
991 1157 1021 1208 et
1037 1148 1123 1230 plena
1139 1147 1263 1231 spiritus

203 1235 299 1318 eupit,
319 1245 388 1297 suut
403 1235 493 1298 etiam
510 1235 586 1300 leuis
603 1245 633 1296 et
648 1233 735 1295 nitidi
750 1242 780 1295 et
795 1229 951 1313 compositi
966 1232 1088 1316 generis
1101 1255 1161 1296 nou
1177 1232 1263 1316 pauoi

202 1329 363 1384 amatores.
389 1321 432 1382 De
449 1340 505 1401 qua
522 1319 686 1382 differentia
702 1318 846 1380 disseram
862 1315 1052 1400 diligentius,
1078 1340 1143 1382 oum
1160 1319 1196 1381 de
1212 1339 1264 1401 ge-

201 1421 275 1462 nere
298 1402 415 1464 dioeudi
431 1403 630 1484 quaerendum
647 1402 715 1463 erit.
753 1401 875 1464 Interim
897 1404 1084 1480 summatim,
1109 1404 1179 1487 quid
1201 1414 1264 1466 eta

200 1504 257 1566 qua
271 1484 400 1546 lectione
416 1495 519 1568 petere
554 1486 667 1564 ossint,
694 1486 743 1568 qui
760 1487 938 1551 confirmare
960 1489 1132 1552 facultatem
1149 1489 1264 1552 dicendi

149 1581 182 1630 45
197 1567 311 1645 volent,
330 1569 485 1651 attingam.
524 1507 639 1634 daucos
656 1571 754 1650 enim,
781 1573 830 1656 qui
847 1583 917 1636 suut
933 1574 1180 1649 eminentissimi,
1208 1594 1263 1635 ex-

200 1671 323 1734 cerpere
339 1653 370 1715 iu
386 1653 485 1716 auimo
502 1666 559 1718 est.
594 1657 695 1720 Facile
712 1668 758 1720 est
773 1669 872 1721 autem
888 1658 1049 1732 studiosis,
1074 1657 1126 1738 qui
1139 1658 1200 1718 sint
1215 1657 1261 1718 lris

199 1735 342 1800 simillimi
357 1737 508 1817 iudicare,
527 1743 730 1822 nequisquam
747 1753 888 1822 queratur
897 1741 1024 1802 omissos
1040 1741 1116 1803 forte
1132 1741 1259 1822 aliquos,

199 1842 272 1904 quos
294 1823 358 1906 ipse
379 1825 466 1887 valde
488 1823 603 1908 probet.
643 1824 753 1887 Fateor
782 1824 862 1888 euim
883 1824 983 1905 plures
1011 1825 1153 1906 legendos
1177 1845 1258 1903 esse,
1284 1827 1289 1832 ’

199 1928 287 1989 quam
304 1909 353 1992 qui
370 1931 387 1972 a
402 1930 449 1973 me
466 1910 709 1973 nominabuntur.

285 1993 342 2058 Sed
363 1997 441 2059 uun'o
463 2015 575 2078 genera
597 1995 661 2082 ipsa
682 1993 860 2069 lectionum,
885 2012 961 2074 quae
977 1993 1135 2079 praecipue
1151 2015 1260 2059 eonve-

198 2076 263 2138 uire
279 2077 514 2160 intendentibus,
533 2093 566 2145 ut
581 2092 716 2145 oratores
736 2080 819 2155 fiant,
838 2078 1021 2155 existimem,
1040 2100 1215 2162 persequor.

194 2278 279 2340 ttufig
296 2277 336 2328 bei
351 2276 399 2341 Qu.
414 2281 489 2329 meist
507 2282 571 2330 olrue
591 2283 641 2331 ulle
655 2282 701 2331 Be·
788 2281 919 2332 disseram
939 2282 1116 2348 diligentius,
1135 2281 1185 2333 Xll
1193 2318 1200 2345 ,
1217 2284 1258 2345 10,

195 2347 401 2410 ziehunguuldle
409 2344 477 2396 Zeit.
485 2347 543 2412 Vgl.
554 2349 629 2413 3,13.
639 2350 664 2412 6,
674 2352 699 2400 5.

226 2446 332 2496 pressu,
366 2431 564 2496 „gedr'siugt“‚
599 2424 701 2486 zusamss

194 2499 355 2618 prgeugpstellt
366 2500 413 2582 mit
426 2505 525 2617 despuis,
540 2517 568 2551 so
580 2500 641 2566 Xll,
657 2503 698 2566 10,

236 2585 243 2616 :
291 2583 437 2618 euutoru
482 2584 580 2620 ueoau
630 2587 700 2622 res·

193 2634 469 2700 sioravgtptu.
533 2674 536 2682 s
602 2587 621 2637 p

230 2708 334 2768 tenuia,
358 2705 414 2755 hier
427 2705 477 2754 und
488 2705 563 2755 meist
576 2706 609 2756 im
621 2715 698 2770 guter

195 2771 272 2821 Sluue
286 2773 392 2838 „leiu“,
408 2789 435 2824 so
448 2774 512 2824 uueh
526 2773 556 2836 2,
572 2775 620 2836 193
635 2774 698 2824 doch

193 2839 226 2888 im
239 2840 461 2892 tadeludeuSinue
475 2841 498 2907 ξ.
513 2842 555 2891 64.
571 2841 697 2909 0311111,

126 2917 131 2942 ·
193 2907 219 2968 8,
234 2907 263 2955 1:
283 2907 375 2972 Neque
392 2914 461 2959 enim
478 2913 620 2976 quisquam
641 2918 699 2961 tum

192 2977 300 3039 ingenio
326 2981 425 3026 tenui
448 2983 614 3044 reperietur,
640 2983 697 3044 qui,

193 3059 252 3092 oum
266 3047 355 3094 omniu
363 3081 371 3108 ,
394 3061 463 3110 ptrue
483 3052 550 3096 stent
562 3049 590 3096 in
604 3063 695 3110 eausa,

193 3112 339 3177 diligenter
358 3118 533 3178 cognouerit,
555 3116 592 3165 ad
604 3115 699 3165 doeen-

193 3179 256 3229 dum
270 3187 343 3231 certe
359 3177 476 3232 iudicem
488 3199 541 3234 uon
554 3185 685 3247 sufficiat.

223 3246 305 3311 plenu
323 3252 437 3314 spirutus
445 3288 453 3315 ,
474 3252 526 3316 vgl.
542 3250 580 3316 ll,
603 3251 695 3314 1‚3t:

190 3315 239 3364 itta
254 3315 335 3381 plena
354 3322 505 3382 sanguinis.
539 3319 592 3369 Deu
611 3317 696 3370 Geuit.

191 3382 233 3433 bei
248 3383 344 3450 plenus
364 3386 464 3436 erkl'drt
482 3386 531 3452 Qu.
550 3387 631 3438 sallust
649 3387 697 3453 lX,

143 3459 146 3474 ¹
191 3451 217 3514 3,
233 3455 244 3501 l
260 3452 386 3518 1515515551Ι
399 3455 573 3519 Archaismus,
588 3456 635 3506 deu
646 3456 698 3507 tt-

191 3519 256 3569 lutiv
282 3521 324 3572 fiir
348 3523 395 3572 deu
421 3539 531 3573 neuereu
556 3521 698 3590 Spraohge-

190 3586 285 3638 brunuli
296 3608 303 3654 ,
318 3606 348 3641 er
360 3591 439 3642 settst
452 3593 584 3642 selrwaukt
597 3593 638 3642 bei
652 3595 698 3644 der

190 3654 356 3722 duweudung
368 3659 494 3710 zwiselieu
508 3661 597 3711 beiden
605 3661 695 3712 Casus.

188 3723 357 3788 -Spiritus
371 3728 427 3778 lrier
440 3729 502 3792 „uie
517 3729 570 3778 sich
580 3729 695 3781 iiberdas

190 3791 369 3845 Gewotnttete
388 3796 438 3845 uod
450 3797 605 3862 Alltdgliehe
624 3800 696 3850 erhe-

188 3860 269 3911 beude
288 3862 512 3930 Begeisteruug“;
532 3867 583 3930 vgl.
605 3867 629 3932 ξ.
650 3869 692 3918 61;

191 3929 250 3980 104.
266 3930 348 3996 am.

787 2419 829 2469 45.
854 2417 996 2467 studiosis.
1025 2415 1172 2468 Studiorum
1193 2418 1260 2482 „der

752 2484 956 2538 Beredteumlreit
973 2485 1035 2534 oder
1053 2485 1195 2551 uberhaupt
1214 2487 1259 2536 der

751 2552 1013 2604 wissenschaltliolreu
1033 2551 1192 2618 llushilduug
1216 2555 1259 2605 be-

748 2623 869 2685 'llissen“‚
884 2621 962 2671 liudet
974 2621 1027 2670 sielr
1040 2619 1118 2671 ulleiu
1130 2622 1180 2671 und
1195 2623 1258 2672 ohne

751 2690 896 2754 Bezielmug
905 2690 1045 2753 gatrauam
1058 2689 1137 2742 dlters
1145 2691 1186 2742 bei
1196 2690 1257 2756 Qu,

750 2758 802 2821 vgl.
819 2759 883 2808 auelr
899 2759 929 2821 3,
950 2757 992 2808 32.
1020 2758 1064 2808 Bel
1078 2757 1133 2809 Cle.
1154 2760 1184 2810 de
1206 2768 1257 2827 opt.

750 2842 808 2890 geu.
825 2834 889 2877 orat.
904 2827 937 2889 5,
954 2827 1001 2876 182
1024 2826 1143 2878 latorem
1163 2830 1259 2880 utilem

750 2895 891 2958 etutdiust's.
913 2925 921 2940 ·
1213 2953 1215 2964 Ι

785 2965 941 3014 lectionum.
967 2963 1019 3014 Der
1029 2963 1099 3015 Plur.
1113 2964 1155 3015 bei
1169 2963 1256 3029 Quint.

750 3046 799 3082 nur
811 3047 842 3082 un
855 3032 941 3082 dieser
955 3031 1051 3097 Stella,
1071 3050 1110 3083 wo
1124 3035 1169 3084 das
1181 3033 1257 3083 Wort

749 3099 905 3218 11610111
918 3099 1257 3233 1ἰ111ἔ111.““0,1“111“

751 3235 840 3286 lustin.
852 3234 910 3301 'Vl,
931 3238 981 3302 61,
1003 3241 1035 3292 5:
1058 3238 1170 3289 diuersis
1187 3237 1255 3283 iuris

752 3304 953 3356 1550555555-
960 3309 1088 3373 produt-e.
1123 3339 1126 3346 ι

785 3390 827 3440 46.
847 3391 963 3454 Aratus,
979 3407 1000 3441 s.
1015 3390 1038 3455 ξ.
1054 3390 1094 3439 55.
1120 3385 1167 3435 Die
1178 3401 1255 3450 auge-

750 3455 853 3510 l'rihrteu
866 3459 957 3510 Worte
970 3458 1025 3508 siud
1038 3457 1084 3504 der
1095 3453 1197 3533 Aulaug
1209 3455 1255 3504 der

749 3515 1147 3589 PhaenomeuassEnAcdcdppu
1172 3526 1252 3571 εσθα.
1336 3523 1341 3539 “

749 3594 797 3645 Die
811 3594 891 3646 Stelle
903 3597 947 3646 des
957 3593 1049 3643 Homer
1061 3539 1169 3639 stetui
1178 3588 1252 3654 xxl‚
1278 3596 1284 3614 ⁸

752 3664 919 3791 militemur,
945 3726 1007 3790 „iet
1026 3725 1135 3789 gluuhe,
1157 3727 1207 3775 uud
1225 3741 1253 3776 es

748 3800 843 3851 kommt
855 3797 917 3848 uuoh
926 3849 928 3856 y
938 3793 1005 3843 wohl
1017 3793 1119 3844 Auderu
1133 3809 1160 3844 so
1172 3796 1251 3858 vor“,

748 3869 812 3919 ohne
825 3868 884 3917 Dat.
898 3863 944 3912 des
957 3861 1032 3912 Pron.
1053 3877 1137 3928 pers.;
1159 3863 1252 3914 ebenso

748 3936 771 4000 ξ.
795 3938 836 3986 56.
868 3931 915 3980 Die
939 3928 1104 3996 Verhiudung
1126 3931 1173 3982 mit
1197 3931 1252 3982 dem
