2800 4748
518 425 674 478 curnrn.
695 425 811 492 §.r-s.
958 473 961 484 ,
1144 408 1192 470 et

125 576 250 659 denique
266 559 440 662 disciplinae
463 579 550 643 initia
572 579 608 642 ad
624 579 808 662 propositum
825 576 882 640 sibi
898 576 1114 660 praescriptum
1129 581 1189 640 lor-

125 663 200 724 mari
215 663 363 728 videmus.
396 665 436 726 Et
451 664 572 726 hercule
588 683 714 728 necesse
726 673 777 726 cst
790 672 842 725 aut
857 662 973 726 similes
988 672 1041 724 aut
1056 663 1185 726 dissimi-
1209 677 1226 724 e

124 747 169 810 les
185 748 271 812 honis
286 750 392 810 simus.
418 747 549 810 Similem
565 769 636 811 raro
652 759 758 810 natura
774 759 917 831 praestat,
936 749 1110 832 frequenter
1124 749 1190 810 inti-

127 831 211 895 tatio.
252 831 309 894 Sed
325 833 381 894 hoc
396 832 513 916 ipsum,
537 833 617 914 quod
637 843 721 894 tanto
745 833 910 896 faciliorem
933 832 1019 896 nobis
1042 833 1190 896 rationem

2 921 16 952 '²
129 917 261 982 omnium
273 917 348 980 lecit
363 939 450 999 quam
465 918 593 995 initiis,
612 917 662 1000 qui
679 917 754 980 nihil
773 919 850 1002 qnod
865 929 1064 1001 sequerentur
1079 919 1189 982 habue-

127 1012 208 1080 runt,
226 1002 286 1066 nisi
298 1013 389 1066 «caute
405 1014 436 1066 et
449 1025 517 1070 cun
528 1003 644 1068 iudicio
660 1002 909 1088 apprehenditur,
926 1013 1028 1066 nocet.

211 1087 291 1150 Ante
314 1089 413 1152 omnia
429 1089 526 1172 igitur
548 1088 675 1156 imitatio
700 1109 754 1175 per
774 1093 807 1152 se
828 1081 894 1174 ipsa
915 1109 976 1151 non
991 1089 1113 1164 sufficit,
1139 1090 1187 1150 vel
1210 1103 1227 1152 t

127 1170 195 1252 quia
209 1173 286 1257 pigri
301 1185 349 1236 est
362 1174 496 1258 ingenii,
522 1185 698 1238 contentum
713 1194 780 1236 esse
794 1175 855 1250 iis,
880 1194 955 1256 quae
979 1173 1041 1235 sint
1064 1171 1110 1234 ab*
1122 1171 1189 1242 eliis

125 1256 258 1322 inventa.
299 1259 375 1338 Quid
397 1260 477 1322 enim
499 1262 631 1324 futurum
653 1269 719 1322 erat
734 1258 915 1342 temporibus
930 1257 1011 1333 illis,
1028 1276 1104 1339 quae
1120 1257 1185 1320 siue

14 1400 24 1412 ,
120 1345 264 1428 exemplo
280 1347 420 1424 fuerunt„
435 1345 465 1408 si
480 1345 616 1414 hounncs
633 1344 707 1407 nihil
723 1343 781 1406 nisi
798 1343 874 1426 quod
890 1344 948 1406 iam
964 1342 1188 1426 cognovissent,

127 1428 294 1493 laciendum
310 1429 367 1492 sibi
381 1439 434 1492 aut
449 1431 639 1513 cogitandum
658 1430 837 1514 putassent?
861 1429 975 1512 Nempe
992 1427 1066 1492 nihil
1080 1427 1188 1491 luisset
1210 1443 1226 1490 5

127 1512 295 1576 inventum.
325 1513 387 1576 Cur
402 1513 494 1596 igitur
509 1518 594 1578 nefas
611 1527 660 1578 est
672 1515 804 1599 nepesini
824 1514 935 1597 aliquid
951 1535 968 1576 a
984 1512 1089 1590 nobis,
1114 1514 1191 1596 quod

128 1609 198 1660 ante
214 1619 275 1662 non
290 1599 403 1662 interit?
424 1599 472 1662 An
487 1599 531 1663 illi
546 1600 636 1663 rudes
653 1601 717 1663 sola
732 1601 840 1664 mentis
855 1599 963 1663 natura
978 1600 1057 1663 ducti
1073 1609 1144 1662 sunt
1159 1599 1191 1660 in

127 1682 195 1761 hoo,
211 1695 247 1746 nt
262 1693 322 1746 tam
338 1685 429 1748 multe
443 1695 639 1768 generarent,
657 1707 712 1751 nos
728 1687 765 1748 ad
781 1685 979 1768 quaerendum
994 1705 1055 1748 non
1070 1705 1107 1746 eo
1123 1685 1188 1767 ipso

127 1769 324 1847 concitemur,
343 1771 420 1854 quud
436 1782 518 1834 certe
533 1771 643 1836 scimus
659 1771 814 1836 inuenisse
829 1791 893 1849 eos,
912 1771 961 1853 qui
976 1771 1192 1852 quaesierunt?

126 1855 244 1917 Etcum
261 1855 324 1934 illi,
349 1857 398 1938 qui
413 1857 527 1921 nullum
546 1860 724 1941 cuiusquam
743 1857 789 1920 roi
811 1857 978 1920 habuerunt
999 1856 1186 1934 magistrum,
1212 1869 1242 1916 c·

126 1939 254 2022 plurima
269 1940 300 2002 in
317 1952 453 2022 posteros
467 1944 664 2006 tradiderint:
689 1942 775 2004 nobis
797 1961 871 2002 usus
893 1939 1019 2000 alierum
1035 1957 1136 1999 rerum
1153 1939 1190 2000 ad

127 2026 276 2087 eruendas
292 2025 366 2096 alies
382 2047 443 2088 nou
460 2028 609 2110 proderit,
627 2027 679 2088 sed
696 2023 771 2087 uihil
794 2022 965 2086 habebimus
981 2022 1040 2086 uisi
1056 2022 1192 2085 beneficii

128 2107 239 2174 alieni?
260 2108 513 2186 Quemadmodum
528 2110 645 2192 quidam
661 2111 791 2194 pictores
807 2109 839 2172 in
854 2108 884 2170 id
897 2107 996 2171 solum
1008 2109 1142 2185 student,
1159 2119 1193 2172 ut

128 2192 301 2256 describere
316 2194 433 2258 tabulas
449 2195 598 2259 mensuris
614 2217 650 2259 ac
664 2195 754 2258 lineis
769 2195 879 2258 sciant.
899 2193 998 2280 Turpe
1010 2194 1101 2258 etiam
1116 2194 1189 2258 illud
1213 2211 1227 2258 7

129 2287 195 2356 est,
221 2289 393 2342 contentum
413 2300 484 2344 esse
498 2282 529 2343 id
545 2281 706 2366 consequi,
725 2282 803 2364 quod
818 2280 955 2346 imiteris.
993 2280 1069 2344 Nam
1085 2302 1190 2344 rursus

127 2361 197 2444 quid
212 2375 277 2428 erat
293 2367 441 2444 futurum,
467 2367 494 2430 si
515 2381 606 2431 nemo
621 2369 686 2452 plus
700 2367 849 2432 effecisset
866 2387 921 2444 eo,
944 2387 1031 2450 quem
1048 2367 1192 2452 sequeba-

126 2451 200 2512 tur?
222 2449 304 2528 Nihil
318 2451 350 2514 iu
366 2454 462 2535 poetis
477 2473 566 2538 snpra
582 2454 698 2519 Livium
714 2452 936 2527 Andronicum,
961 2452 1033 2514 nibil
1050 2451 1082 2513 in
1095 2453 1191 2512 histo-

126 2533 181 2596 riis
197 2555 287 2619 supra
309 2538 481 2620 pontificum
497 2539 621 2602 annales
636 2539 833 2612 tancredum
857 2537 972 2598 ratibus
995 2535 1091 2596 adbuc
1107 2534 1192 2595 navi-

127 2630 270 2701 garetur,
294 2641 356 2684 non
378 2633 459 2684 esset
479 2625 611 2704 pictura,
637 2623 696 2685 nisi
716 2641 793 2702 quae
817 2620 913 2681 lineas
934 2619 1022 2680 modo
1038 2627 1191 2681 extremas

127 2703 267 2781 umbrae,
285 2725 372 2786 quam
388 2727 513 2788 corpora
529 2708 561 2768 in
576 2707 641 2768 sole
656 2706 816 2779 fecissent,
835 2703 1106 2765 circumscriberet.
1145 2703 1189 2766 Ac
1212 2713 1227 2761 8

127 2785 153 2848 si
169 2787 269 2849 omnia
285 2808 478 2870 percenseas,
497 2790 577 2854 nulle
593 2790 632 2852 sit
646 2791 716 2867 ors',
734 2789 829 2871 qualis
845 2789 969 2855 iuventa
985 2799 1051 2860 est,
1076 2809 1131 2851 nec
1147 2789 1194 2850 in·¹

128 2881 176 2934 tra
197 2871 314 2935 initium
337 2873 438 2952 stetit,
471 2876 529 2937 nisi
547 2876 627 2938 forte
651 2886 754 2940 nostra
776 2873 962 2958 potissimum
986 2884 1119 2956 tempora
1142 2874 1193 2937 da-

163 3075 188 3125 2,
198 3076 236 3126 ud
242 3083 490 3146 -praoscro'ptnm,
500 3079 637 3132 Nachder-
723 3084 750 3130 in
763 3079 801 3144 id,
817 3079 874 3129 eine
882 3079 1001 3130 sonstbei
1010 3079 1196 3130 studerouicht

129 3143 217 3194 selben
236 3144 429 3213 Sprachweise‚
451 3149 500 3199 wie
519 3148 543 3214 θ.
560 3151 571 3199 1
600 3150 637 3200 od
688 3147 986 3211 iiblioheConstruction,
1001 3148 1064 3197 noch
1078 3147 1195 3198 derbeu-

129 3213 289 3278 esremplnm.
309 3213 367 3280 Vgl.
384 3219 409 3279 5,
425 3217 449 3266 2.
686 3218 753 3282 logie
766 3217 817 3267 von
829 3220 885 3266 niti
892 3233 919 3265 n.
929 3216 981 3279 dgl.
996 3215 1118 3280 geblldct,
1132 3216 1195 3266 doch

161 3281 186 3328 4.
210 3281 281 3344 Quid
292 3309 326 3322 -·
336 3284 472 3348 sotorum
485 3290 555 3335 erat.
573 3285 634 3349 Vgl.
687 3287 750 3335 noch
764 3285 857 3336 einmal
869 3284 910 3334 bei
923 3283 971 3351 Qu.
986 3283 1049 3348 llll,
1065 3285 1096 3350 6,
1112 3285 1143 3334 6:
1161 3289 1172 3335 i
1178 3301 1195 3334 n

129 3346 143 3410 ὅ
172 3348 186 3393 Ἰ
688 3367 769 3417 quum
783 3369 839 3403 rem
851 3352 1015 3404 studendum
1028 3358 1075 3404 sit.

143 3414 189 3493 ·5·
216 3415 318 3481 Nlml'e
334 3417 400 3466 Wlfd
418 3425 534 3483 besem,
561 3423 636 3470 W⁰¹¹¹¹
723 3437 748 3485 7.
769 3437 876 3488 bivium
888 3435 1195 3490 Androni'cumaus'ln-

128 3481 184 3532 sich
197 3485 556 3564 etquvouselbstverstebt,
571 3490 636 3540 ohne
689 3512 745 3554 pent
753 3542 760 3569 a
781 3505 827 3556 dep
846 3513 915 3556 01·th
933 3507 1059 3556 remigem
1071 3505 1196 3568 'l'nngller

126 3550 292 3674 qlpqlqoppp·
319 3553 347 3604 S·
367 3554 472 3620 rumpo
487 3555 531 3652 Gr·
547 3557 570 3622 §-
585 3558 634 3608 345
687 3574 737 3693 {qq
757 3572 945 3694 Supponendi
970 3575 1129 3640 coenant,
1152 3587 1194 3622 un

161 3689 187 3737 6.
203 3693 373 3775 cninsqpom,
388 3691 559 3759 adject'Vgl.
573 3697 633 3759 ῖ,3-
714 3659 1195 3775 poblfflcidnoonales.lliermitwcr·

128 3751 171 3818 Ν,
186 3756 212 3838 l,
228 3758 276 3807 10²
297 3777 324 3809 m
337 3776 488 3828 quenquam
502 3765 635 3832 nominem
687 3777 736 3826 den
755 3777 795 3826 dle
808 3776 927 3826 Annales
944 3780 1061 3826 nrone'mt
1077 3776 1195 3827 bezeich-

127 3824 290 3877 ⁰ldlnem⁰ffl
312 3827 337 3879 s·
353 3829 459 3896 le¹¹¹lls
473 3829 519 3882 Gl-
533 3832 557 3896 §-
574 3832 632 3883 ¹37·
688 3851 746 3908 net,
761 3844 817 3895 eine
829 3843 991 3909 Anlzdhlung
1004 3845 1050 3895 der
1061 3845 1196 3895 denkwiir·

164 3911 287 3972 beneficii
310 3914 407 3977 alieni,
434 3915 475 3964 ein
501 3915 634 3967 Genitivus
688 3913 1150 3978 dtgsteneegebennonentiszumP

126 3977 261 4043 qualitatis
286 3980 312 4029 in
336 3982 450 4046 prliciser
475 3983 632 4048 Schneibart‚
688 3981 826 4032 tidcatdcs
840 3980 1034 4033 Muciusb'eaev
1182 3989 1188 4000 '

126 4062 183 4098 man
196 4047 301 4113 crginzt
308 4049 361 4100 sich
371 4049 445 4114 qnod
451 4054 496 4102 n't.
505 4051 564 4117 Vgl.
573 4055 597 4116 5,
608 4053 632 4102 1.
688 4049 763 4114 Chr.)
776 4050 927 4113 lortgcsetzt
