2800 4748
231 355 272 414 22
600 367 707 420 carun
721 369 741 420 1.
761 369 785 436 p.
796 370 906 420 rr—st.

175 537 210 585 ἰι
227 522 304 584 nias.
344 520 465 586 Plenior
486 517 661 584 Aeschines
683 531 715 582 et
736 521 829 604 magis
852 523 935 585 lusus
958 533 987 583 et
1003 519 1152 604 grandiori
1169 517 1298 594 similis,
1367 509 1368 598 l

230 607 401 689 quominus
418 607 539 669 strictus
556 615 620 681 est3
639 607 738 668 earnis
753 617 853 669 tamen
888 607 934 670 lus
950 607 1055 683 hahet,
1081 605 1177 667 minus
1192 604 1300 672 laoer·
1367 617 1368 634 ¹

230 702 340 754 torum.
372 689 473 753 Dulcis
495 690 527 751 in
550 690 652 772 primis
676 701 825 753 etaoutus
864 691 1032 778 'pperiales
1057 692 1109 754 sed
1125 690 1298 756 minorihus
1367 731 1368 768 ι

180 789 212 838 78
228 777 343 850 causis,
363 786 393 838 ut
410 795 469 837 uon
487 774 616 836 dixerim
634 775 752 852 utilior,
771 776 866 859 magis
883 799 948 859 par.
989 777 1042 841 His
1058 785 1156 840 aetate
1172 773 1297 874 [ipsios
1367 797 1368 858 p

228 861 341 935 maior,
367 859 486 922 subtilis
502 870 590 942 atque
607 859 729 942 elegans
745 871 775 924 et
791 883 848 943 quo
865 860 957 939 nihil,
983 864 1009 926 si
1024 861 1137 925 oratori
1154 871 1228 924 saus
1246 871 1297 924 est
1367 871 1368 890 ¹

229 946 350 1021 dooere,
368 965 493 1026 quaeras
510 945 681 1028 perfectius.
721 944 801 1008 Nihil
817 946 896 1008 enim
912 959 959 1010 est
975 947 1082 1023 inane,
1101 946 1174 1009 nihil
1190 966 1298 1009 eroes·
1367 991 1368 994 κ

179 1041 210 1091 79
226 1029 335 1105 situm3
354 1049 428 1128 puro
445 1040 544 1092 tameo
560 1029 634 1091 fonti
651 1050 737 1111 quam
754 1051 862 1110 magno
878 1031 992 1092 flumini
1006 1031 1136 1113 propior.
1162 1029 1297 1094 Isocra·
1367 1069 1368 1094 t

228 1123 274 1177 les
289 1113 320 1176 ln
336 1114 456 1178 diverso
472 1133 583 1196 genere
600 1114 715 1176 dicendi
737 1113 848 1178 nitidus
864 1125 894 1175 et
910 1122 1044 1194 comptus
1068 1125 1098 1174 et
1119 1113 1295 1195 palaestrae
1367 1171 1368 1176 ,

228 1219 314 1281 quum
338 1218 454 1282 pugnae
477 1199 571 1282 magis
595 1199 851 1275 accommodatus,
884 1218 988 1273 omnes
1019 1196 1135 1259 alioeodi
1156 1216 1292 1261 veneres

227 1293 358 1347 sectatus
374 1293 438 1359 est,
463 1305 518 1346 nee
540 1285 706 1360 immeritoa
729 1282 885 1346 auditoriis
906 1283 986 1344 enirn
1016 1303 1049 1344 se
1081 1303 1141 1344 non
1167 1280 1294 1343 iudiciis
1367 1333 1368 1372 ,

227 1379 433 1450 compararat,
457 1369 488 1430 in
508 1368 682 1432 inventione
699 1368 812 1444 laellis,
832 1367 949 1429 honesti
966 1367 1136 1442 studiosus,
1159 1367 1190 1428 in
1207 1385 1295 1428 oom-

177 1467 209 1516 80
226 1453 373 1536 positione
396 1452 471 1515 adeo
494 1452 639 1536 diligens,
666 1464 697 1516 ut
718 1474 789 1516 eura
811 1452 877 1515 eius
900 1451 1147 1535 reprehendatur.
1183 1449 1293 1532 Neque
1367 1485 1368 1494 ι

227 1557 283 1619 rgo
298 1537 329 1598 in
345 1535 410 1610 his,
428 1537 585 1617 dequibus
602 1538 719 1601 loeutus
735 1559 819 1614 sum,
845 1538 897 1599 has
913 1536 994 1600 solas
1010 1537 1138 1600 virtutes
1160 1535 1211 1598 sed
1236 1533 1293 1598 has
1324 1591 1336 1598 ..
1367 1571 1368 1586 ι

226 1620 400 1704 praecipuas
417 1631 499 1703 pulo,
519 1643 574 1685 neo
590 1635 707 1686 eeteros
724 1645 826 1709 parum
842 1623 933 1684 luisse
948 1642 1085 1704 magnos.
1105 1619 1293 1698 Quinetiam
1367 1635 1368 1688 t

225 1705 382 1770 Phalerea
404 1704 486 1766 illum
511 1707 720 1786 Dstnetrium,
754 1727 917 1789 quanquam
940 1707 966 1768 is
988 1706 1101 1789 primus
1123 1705 1297 1771 inclinasse
1367 1739 1368 1786 ι

225 1789 424 1873 eloquentiam
440 1790 563 1869 dieitur,
590 1793 713 1855 multum
737 1792 850 1875 ingenii
875 1790 1014 1855 hahuisse
1031 1801 1061 1854 et
1077 1791 1230 1853 laoundiae
1247 1792 1293 1852 fa·
1367 1791 1368 1832 ³

226 1889 310 1953 teor,
335 1876 384 1941 vel
406 1875 442 1938 ob
458 1876 513 1938 hoo
529 1878 673 1940 memoria
688 1877 827 1961 dignum,
852 1877 928 1958 quod
950 1876 1072 1939 ultimus
1096 1877 1224 1938 estsere
1248 1895 1293 1937 ex

225 1960 334 2024 Atticis
349 1963 397 2044 qui
414 1962 472 2025 diei
488 1961 583 2044 possit
598 1975 717 2042 orator3
736 1983 821 2046 quem
837 1972 938 2024 tamen
954 1961 984 2024 iu
1000 1961 1052 2024 illo
1065 1960 1162 2022 medio
1177 1978 1291 2044 genere
1367 1955 1368 2002 ἶ

226 2045 341 2108 dicendi
360 2047 490 2128 praefert
505 2046 642 2110 omnihus
663 2049 780 2112 Cicero.

174 2140 206 2189 81
311 2129 587 2210 Philosophorum,
603 2151 644 2193 ex
660 2133 765 2212 quihus
781 2133 940 2215 plurimum
956 2151 989 2195 se
1001 2131 1132 2193 traxisse
1148 2130 1291 2210 eloquen-

225 2210 284 2272 tiae
300 2211 342 2272 M.
361 2210 478 2272 Tullius
494 2211 671 2288 confitetur,
698 2217 764 2295 quis
781 2217 896 2278 dubitet
910 2217 1075 2278 Platonem
1092 2234 1159 2277 esse
1176 2214 1290 2296 praeei-

226 2315 313 2378 puum
330 2295 395 2358 sive
411 2294 546 2354 acumine
562 2293 730 2359 disserendi
755 2298 825 2366 sive,
844 2297 1000 2376 eloquendi
1023 2297 1163 2358 facultate
1187 2299 1289 2362 diviua

147 2537 156 2542 -
222 2499 381 2560 Dinarchum
397 2513 442 2549 aus
456 2496 506 2563 Qu.
521 2494 588 2559 Xll,
605 2497 646 2562 10,
662 2497 691 2547 21
708 2498 726 2549 i.
816 2497 859 2547 79.
878 2497 1012 2548 lauerates
1032 2500 1103 2549 storh
1123 2501 1206 2567 eiuige
1219 2500 1291 2566 Tage

194 2585 198 2591 ·
222 2569 312 2632 selbst,
328 2569 459 2619 dieselhen
472 2582 562 2618 ausser
573 2564 727 2631 Dinarchus,

222 2637 305 2687 woliir
317 2636 476 2702 Aristogiton
489 2636 627 2702 angellihrt
642 2635 715 2686 wiri.

258 2707 302 2757 lea·
315 2706 427 2769 orandi,
441 2705 494 2769 vgl.
509 2705 535 2772 ξ.
548 2706 591 2756 39.

257 2792 300 2839 77.
313 2791 463 2854 grandiori
473 2792 585 2855 similis,
601 2790 731 2854 eutweller

223 2855 280 2904 eine
294 2855 418 2918 llnallage
433 2864 466 2905 st.
485 2861 592 2920 grandi
609 2861 731 2912 similior

223 2922 284 2972 oder
296 2925 384 2983 mages
402 2921 437 2969 ist
450 2923 514 2971 auoh
533 2941 565 2973 zu
585 2929 685 2979 similis
698 2946 731 2980 zu

223 2989 355 3040 hezieheu.
374 2986 523 3036 Grundiort
534 2990 731 3046 kanuNeutrum

224 3060 295 3121 seio,
316 3055 365 3107 wie
384 3053 449 3106 auch
466 3052 563 3104 Persou
582 3057 632 3106 uutl
647 3059 730 3109 Suetus

224 3127 264 3177 hei
284 3126 380 3176 similis
397 3121 543 3185 vergliehen
568 3123 670 3173 werden
697 3125 729 3188 ll,

198 3252 200 3260 Α
227 3195 268 3256 11,
284 3195 314 3244 2ι
328 3193 464 3259 plurimos
477 3192 577 3241 haheat
595 3192 729 3240 similes

224 3263 579 3327 negligentiaesatoe,
596 3262 730 3324 partemi-

176 3329 177 3334 ’
224 3345 282 3380 mos
308 3333 487 3378 noturus.
508 3326 562 3377 Der
586 3325 729 3391 Gegousatz

224 3413 274 3448 von
286 3393 389 3463 grande
402 3395 436 3444 ist
449 3410 575 3460 paruum,
585 3397 728 3463 pusillum,

225 3466 335 3531 subtile,
350 3463 389 3514 die
402 3462 550 3528 Ausartung
563 3466 705 3515 tumidum.

260 3537 352 3587 soritis
361 3561 391 3571 -
400 3531 574 3595 lacertorum,
589 3533 640 3595 vgl.
654 3532 677 3596 ξ.
688 3531 730 3582 33.

260 3618 425 3684 Hyperides,
441 3615 607 3680 Zeitgeuusse
621 3616 665 3680 des
678 3615 731 3666 De·

225 3685 387 3749 mostheues,
401 3687 516 3752 getidtet
528 3685 575 3736 aul
585 3684 673 3736 Belehl
686 3685 732 3738 des

225 3751 362 3817 Antipater
374 3755 423 3802 322
436 3771 461 3804 v.
477 3754 537 3805 Chr.

261 3834 302 3884 78.
324 3836 431 3902 Lysias,
451 3823 617 3904 Zeitgeuosse
631 3840 675 3891 (les
688 3839 734 3891 So-

121 3927 128 3936 .
226 3911 343 3953 eratesn.
354 3902 436 3966 Plato,
452 3907 557 3958 storbo.
571 3909 602 3959 80
611 3908 674 3959 lahr
685 3910 732 3969 alt,

228 3972 277 4022 378
290 3988 316 4021 v.
330 3970 392 4022 Chr.

782 2566 845 2616 naah
865 2566 911 2616 der
930 2565 1053 2618 Sehluoht
1068 2569 1110 2621 hel
1129 2569 1288 2635 Chaeronea,

781 2635 831 2686 338
844 2651 868 2685 v.
881 2635 942 2687 Chr.
956 2637 989 2686 98
1002 2637 1080 2688 lehre
1093 2639 1139 2689 alt.

816 2737 942 2786 veneres,
959 2722 1111 2787 „humuth,
1131 2723 1242 2787 lleize“,
1263 2721 1291 2774 in
1367 2735 1368 2774 ζ

782 2791 868 2840 dieser
880 2791 1029 2854 Bedeutung
1047 2806 1093 2840 aus
1107 2792 1154 2840 den
1168 2791 1292 2842 Dichteru
1367 2793 1368 2814 ³

783 2867 837 2910 erst
863 2860 925 2910 uach
946 2860 1073 2921 Augustus
1098 2857 1123 2903 in
1150 2856 1190 2904 die
1208 2855 1290 2910 Prusa

782 2927 995 2990 iibergegangeo3
1008 2924 1060 2985 vgl.
1075 2921 1099 2985 δ.
1113 2923 1171 2972 100.
1187 2923 1287 2979 Hunh,
1367 2953 1368 2982 2

782 2995 811 3045 P.
832 2995 897 3043 320:
929 2990 1036 3039 Pabula
1060 2988 1162 3040 nullius
1187 3000 1288 3046 ueneris

781 3065 839 3109 siue
847 3056 967 3122 pondere
981 3061 1007 3106 et
1025 3063 1096 3107 orte.

816 3140 967 3190 auditoriis
984 3157 1012 3190 se
1033 3155 1219 3208 compararat.
1243 3149 1287 3200 Als
1367 3145 1368 3186 ἶ

783 3205 881 3271 Gruud,
897 3209 1011 3260 weshelb
1024 3209 1150 3266 Isocrates
1158 3217 1287 3267 slohuioht

781 3290 839 3326 zum
861 3275 1023 3330 offeotlioton
1041 3279 1159 3350 Redner,
1180 3285 1287 3336 soniero
1367 3299 1368 3358 ,

782 3359 831 3396 nur
844 3345 887 3396 fuir
904 3346 945 3397 (lie
963 3347 1110 3403 Pruulsrerle
1130 3354 1288 3416 ausgebildet
1367 3391 1368 3396 ,

782 3414 869 3480 hatte,
895 3415 965 3478 gisus
982 3434 1011 3467 er
1029 3419 1111 3470 solbet
1130 3436 1161 3469 an
1180 3419 1285 3468 Panath.
1367 3425 1368 3484 t

783 3481 807 3545 ἕ.
825 3483 871 3532 1οι
894 3474 974 3532 Οὕτω
984 3481 1043 3550 ,γὰρ
1059 3481 1152 3546 ἐνδεὴς
1164 3480 1286 3551 immori·
1367 3527 1368 3536 .

783 3561 840 3618 ρων
852 3543 1001 3630 ἐγενόμην,
1022 3554 1118 3632 φωνῆς
1136 3551 1230 3613 ἱκανῆς
1240 3553 1285 3603 καὶ
1367 3549 1368 3600 1

783 3609 897 3684 τόλμηι,
919 3632 955 3672 ως
975 3613 1025 3684 οὐχ
1043 3617 1088 3669 olel
1120 3619 1199 3676 εἴτις
1211 3613 1287 3681 ἄλλος

784 3685 839 3736 τῶν
852 3685 983 3736 πολιτῶν.

818 3769 860 3820 80.
881 3769 959 3819 illum
976 3785 1010 3820 zu
1028 3771 1158 3823 Phalerea
1177 3781 1282 3841 gesetz't,

784 3839 844 3890 well
862 3853 891 3888 er
911 3839 988 3888 sehon
1007 3837 1031 3902 ξ.
1053 3838 1084 3888 33
1104 3843 1219 3894 erwihut
1241 3846 1282 3895 ist.
1367 3897 1368 3928 ,

785 3907 832 3959 Ille
850 3906 1007 3972 griechisohe
1026 3900 1228 3963 heeusa'tivlorm
1244 3913 1288 3962 aul

785 3993 802 4026 α
815 3993 863 4028 von
876 3976 922 4026 den
936 3974 1057 4026 Wirtern
1070 3979 1118 4029 aul
1127 3995 1173 4030 aus
1192 3981 1227 4031 ist
1245 3980 1282 4029 hei
